X.2,X.1,Parent,Spinoff,Date,Parent.Company,New.Company,MarketCap,Notes,Missing.,Sector,Industry,YF_Dummy,Notes.1,X,TotalAssets,Inventory,NetPPE,TotalEquityGrossMinorityInterest,TotalDebt,TotalRevenue,ResearchAndDevelopment,OperatingIncome,NetIncome,ParentTotalAssets,ParentTotalEquityGrossMinorityInterest,ParentTotalDebt,Notes...Parent,Notes...Spinoff,Notes.2,Year.Dmy,IndustryMedianEarningsVolatility,IndustryMedianLeverageRatio,SectorMedianEarningsVolatility,SectorMedianLeverageRatio,Taxes,ClosestDate,WX_FFR,WX_diff
1,1,MDU,KNF,6/1/23,Mdu Resources Group Inc,Knife River Corp,2460630352,,,Basic Materials,Building Materials,,,,2642900000,374400000,1357400000,1094900000,885100000,785200000,,93500000,56800000,9842587000,3575382000,3467175000,,,,2023,,0.296999672,0.50523509,0.504063828,,19509,5.08,0
2,2,WKEY,LAES,5/24/23,Wisekey International Holding SA,Sealsq Corp,75138262,,,Technology,Semiconductors,,,,24077000,9334000,2181000,-645000,1577000,14751000,1492000,-279000,-875000,21659000,212000,14121000,,"unaudited balance sheet: https://www.sec.gov/ix?doc=/Archives/edgar/data/1951222/000119380523001341/e618949_ex99-1.htm
",,2023,1.439271663,0.140803419,0.419082305,0.421535022,,19509,5.08,0
3,3,SPHR,MSGE,4/21/23,Sphere Entertainment Co.,Madison Square Garden Entertainment Corp,1572913518,,,Consumer Cyclical,Leisure,,,,1401157000,2557000,864678000,-69472000,902918000,,,,,6049481000,2172798000,2269213000,,,,2023,1.966518861,0.233185619,0.860980215,0.849259347,0,19478,5.08,0.25
4,4,CXT,CR,4/4/23,Crane Nxt Co.,Crane Co.,5055792126,,,Industrials,Specialty Industrial Machinery,,,,2179100000,360800000,254200000,1237600000,262300000,509600000,,63100000,45600000,4336000000,2017700000,1189200000,,,,2023,0.644094988,0.529711181,0.410636663,0.72137165,,19448,4.83,0
5,5,SAFE,STHO,3/31/23,Safehold Inc,Star Holdings,231627009,,,Real Estate,Real Estate Services,,,,813120000,,224489000,520635000,251784000,16786000,,-13490000,-90740000,5850922000,2164615000,3526830000,,,,2023,,0.895384136,1.517486553,1.025771966,,19448,4.83,0
6,6,CTRM,TORO,3/8/23,Castor Maritime Inc,Toro Corp,25450114,,,Industrials,Marine Shipping,,,,178479075,922286,91717046,42488858,12419944,31154154,,22034658,21959213,632920948,461495060,151841236,,,,2023,,0.706917543,0.410636663,0.72137165,,19417,4.83,0.26
7,7,JEF,VTS,1/17/23,Jefferies Financial Group Inc,Vitesse Energy Inc,547824145,,,Energy,Oil & Gas E&P,,,,689933000,,642235000,563114000,45000000,57961000,,-13680000,-47815000,51057683000,10426940000,11202211000,,,,2023,,0.41414187,0.546311087,0.544878592,,19389,4.57,0.24
8,8,GE,GEHC,1/4/23,General Electric Co.,Ge Healthcare Technologies I,37292243255,,,Healthcare,Health Information Services,,,,32637000000,2256000000,2327000000,6696000000,10234000000,4707000000,,559000000,383000000,1.88851E+11,34912000000,26148000000,,,,2023,0.328614551,0.153065802,0.408946388,0.172467945,,19358,4.33,0
9,9,BEAM2,MBC,12/15/22,Beam Inc,Masterbrand Inc,966400000,,,Consumer Cyclical,"Furnishings, Fixtures & Appliances",,,,2529400000,373100000,404900000,1009200000,1033600000,784400000,,49700000,15400000,,,,,,,2022,1.443150447,0.960053517,1.104387669,0.849259347,,19327,4.33,0.5
10,10,BN,BAM,12/12/22,Brookfield Corp,Brookfield Asset Management Ltd.,11358366149,,,Financial Services,Asset Management,,,,12891000000,,68000000,2377000000,,1117000000,,912000000,504000000,4.1915E+11,1.33976E+11,2.04476E+11,,,,2022,0.988663261,0.446983728,0.670399927,0.713185784,,19327,4.33,0.5
11,11,BNRE,BAM,12/12/22,Brookfield Reinsurance Ltd.,Brookfield Asset Management Ltd.,11358366149,Duplicate?,,Financial Services,Asset Management,,,,12891000000,,68000000,9508000000,,1117000000,,912000000,504000000,41387000000,663000000,3270000000,,,,2022,0.988663261,0.446983728,0.670399927,0.713185784,,19327,4.33,0.5
12,12,SAFE,SAFE2,11/30/22,Safehold Inc,Safehold Inc,,True spinoff?,,Real Estate,,,,,3253228000,,,1426897000,1682521000,30278000,,,-80844000,5791874000,2145507000,3464410000,,https://www.sec.gov/Archives/edgar/data/1095651/000155837023001675/star-20221231x10k.htm,,2022,,,1.971891564,1.025771966,,19327,4.33,0.5
13,13,UHAL,UHAL.B,11/10/22,U-haul Holding Co.,U-haul Holding Co.,10200000000,,https://www.macrotrends.net/stocks/charts/UHAL/u-haul-holding/market-cap,Consumer Cyclical,,,,,18116328000,150140000,10916230000,6413377000,,1375336000,,320430000,199244000,18143343000,6313187000,6366689000,,https://www.sec.gov/Archives/edgar/data/4457/000000445723000011/uhal-20221231.htm,,2022,,,1.104387669,0.849259347,,19297,3.83,0.75
14,14,XPO,RXO,11/1/22,Xpo Inc,Rxo Inc,2000412769,,,Industrials,Trucking,,,,2031000000,,119000000,587000000,621000000,4796000000,,123000000,9200000,8503000000,1786000000,3724000000,,,,2022,,0.465653812,0.542921847,0.72137165,,19297,3.83,0.75
15,15,LGL,MPTI,10/7/22,Lgl Group Inc,M-tron Industries Inc,23859482,,,Technology,Electronic Components,,,,19273000,7518000,3794000,14341000,76000,8673000,,828000,190000,57904000,52179000,,,,,2022,0.248659627,0.42104476,0.730600415,0.421535022,,19266,3.08,0
16,16,BRG,BHM,10/6/22,Bluerock Residential Growth Reit Inc,Bluerock Homes Trust Inc,81905027,,,Real Estate,REIT—Residential,,,,658893000,,472126000,491988000,153191000,34144000,,-9949000,-5925000,2642101000,85798000,,https://www.sec.gov/Archives/edgar/data/1442626/000141057822002130/brg-20220630x10q.htm,,,2022,,0.961102368,1.971891564,1.025771966,,19266,3.08,0
17,17,BHVN1,BHVN,10/4/22,Biohaven Pharmaceutical Holding Co Ltd.,Biohaven Ltd.,946074388,,,Healthcare,Biotechnology,,,,661783000,,17512000,538771000,30581000,0,137044000,-213412000,-201107000,1386249000,,,https://www.sec.gov/Archives/edgar/data/1689813/000168981322000064/bhvn-20220630.htm,,,2022,0.410142542,0.093677874,0.474073762,0.172467945,,19266,3.08,0
18,18,ADEA,XPER,10/3/22,Adeia Inc,Xperi Inc,361823471,,,Technology,Software—Application,,,,736911000,6662000,100728000,448986000,109861000,502260000,216355000,-749432000,-761206000,2160727000,979055000,853492000,,,,2022,0.608608761,0.322101097,0.730600415,0.421535022,,19266,3.08,0
19,19,AMC,APE,8/22/22,Amc Entertainment Holdings Inc,Amc Entertainment Holdings Inc,5010140359,True spinoff?,,Communication Services,Entertainment,,,,9206100000,,5533900000,-2579000000,10193800000,968400000,,-114900000,-226900000,9818300000,-2326800000,10456000000,,,,2022,1.112818644,1.976846217,0.746444373,0.915681256,,19236,3.08,0.75
20,20,FTAI,FIP,8/2/22,Ftai Aviation Ltd.,Ftai Infrastructure Inc,238529920,,,Industrials,Conglomerates,,,,2525468000,,1641373000,555851000,1261516000,78559000,,-9130000,-43194000,4882148000,689271000,3569706000,,,,2022,0.368486566,0.824878019,0.542921847,0.72137165,0.21,19205,2.33,0.01
21,21,EHC,EHAB,7/1/22,Encompass Health Corp,Enhabit Inc,696642364,,,Healthcare,Medical Care Facilities,,,,1622900000,,62800000,863800000,610300000,265700000,,17900000,8600000,7082200000,2544600000,3531300000,,,,2022,,0.870646588,0.474073762,0.172467945,0.239,19174,2.32,0.74
22,22,BBIG,OCTO,6/30/22,Vinco Ventures Inc,Eightco Holdings Inc,41219657,,,Consumer Cyclical,Packaging & Containers,,,,51462064,150089,1032247,13132999,25626212,7345959,,-3493224,-3364449,458509854,222329226,115947780,,,,2022,,2.037401238,1.104387669,0.849259347,0,19174,2.32,0.74
23,23,FANH,CNF,6/8/22,Fanhua Inc,Cnfinance Holdings Ltd.,174884513,,,Financial Services,Mortgage Finance,,,,1961223000,,407000,545511000,1067593000,,,,6470000,3087455000,1862164000,194341000,,,,2022,,1.796966962,0.670399927,0.713185784,0.114,19144,1.58,0.75
24,24,BHP,WDS,6/2/22,Bhp Group Ltd.,Woodside Energy Group Ltd.,46947315194,,,Energy,Oil & Gas E&P,,,,54952000000,550000000,41140000000,33424000000,1618000000,16817000000,,8286000000,6498000000,1.05725E+11,54922000000,18951000000,,,,2022,12.4629396,0.41414187,1.046392187,0.544878592,,19144,1.58,0.75
25,25,T,WBD,4/11/22,At&t Inc,Warner Bros Discovery Inc,32583760000,,,Communication Services,Entertainment,,,,1.4224E+11,,5597000000,52947000000,52485000000,9827000000,,-3639000000,-3418000000,5.77195E+11,1.86556E+11,2.29522E+11,,,,2022,1.112818644,1.976846217,0.746444373,0.915681256,0.197,19083,0.33,0
26,26,ENOV,ESAB,4/5/22,Enovis Corp,Esab Corp,2626501106,,,Industrials,Metal Fabrication,,,,3673704000,473799000,381247000,1281403000,1287370000,661177000,,85878000,55249000,8483651000,4644045000,2250802000,,,,2022,2.18418986,0.665383508,0.542921847,0.72137165,0.257,19083,0.33,0
27,27,BDX,EMBC,4/1/22,Becton Dickinson & Co.,Embecta Corp,1463648932,,,Healthcare,Medical Instruments & Supplies,,,,1049800000,130300000,375700000,-847600000,1599200000,291100000,14300000,97100000,62400000,54786000000,24526000000,18635000000,,,,2022,0.612318695,0.367435964,0.474073762,0.172467945,0.152,19083,0.33,0
28,28,BBU,BBUC,3/15/22,Brookfield Business Partners Lp,Brookfield Business Corp,2367804495,True spinoff?,,Financial Services,Asset Management,,,,16848000000,581000000,4077000000,957000000,6231000000,2251000000,,158000000,-164000000,64219000000,13000000000,29076000000,,,,2022,0.988663261,0.446983728,0.670399927,0.713185784,0.4,19052,0.33,0.123619358
29,29,POST,BRBR,3/11/22,Post Holdings Inc,Bellring Brands Inc,3148112000,,,Consumer Defensive,Packaged Foods,,,,657700000,144700000,8900000,-428800000,938800000,315200000,,33200000,1300000,12612900000,2876600000,7465100000,,,,2022,0.493669408,0.937844663,0.509487692,0.814964673,0.4,19052,0.33,0.123619358
30,30,ZBH,ZIMV,3/1/22,Zimmer Biomet Holdings Inc,Zimvie Inc,595598680,,,Healthcare,Medical Devices,,,,1774265000,239281000,170537000,812456000,610635000,235601000,17653000,-22876000,-25656000,23456400000,12666400000,7079300000,,,,2022,0.410230241,0.228568891,0.474073762,0.172467945,0.224,19052,0.33,0.123619358
31,31,CNHI,IVCGF,1/3/22,Cnh Industrial Nv,Iveco Group,2560000000,,,,,,No data,,,,,,,,,,,49416000000,6853000000,23745000000,,,,2022,,,,,,18993,-0.197424791,0.957393721
32,32,VGR,DOUG,12/30/21,Vector Group Ltd.,Douglas Elliman Inc,933922195,,,Real Estate,Real Estate Services,,,,595169000,,162919000,281873000,164865000,334226000,4041000,19173000,20188000,1535958000,-573132000,1581439000,,,,2021,0.717032112,0.895384136,0.330408982,1.025771966,0.023,18993,-0.197424791,0.957393721
33,33,GASS,IMPP,12/6/21,Stealthgas Inc,Imperial Petroleum Inc/marshall Islands,10219067,,,Energy,Oil & Gas Midstream,,,,128468731,258846,119962984,96745843,27836587,4006614,,-1350398,-1482949,942400943,569700859,337443658,,,,2021,0.511922321,0.981067447,1.411156671,0.544878592,0,18962,-1.154818512,0.694976252
34,34,DSX,OP,11/30/21,Diana Shipping Inc,Oceanpal Inc,22506735,,,Industrials,Marine Shipping,,,,49080000,186000,45728000,48149000,,3680000,,414000,414000,878812000,415901000,434728000,,,,2021,0.746259911,0.706917543,0.496440092,0.72137165,0.4,18962,-1.154818512,0.694976252
35,35,O,ONL,11/15/21,Realty Income Corp,Orion Office Reit Inc,1057200885,,,Real Estate,REIT—Office,,,,1759478000,,298107000,1088288000,637456000,40801000,,3766000,-54905000,23711094000,13369113000,9249362000,,,,2021,0.215642124,1.207603221,0.330408982,1.025771966,0.27,18932,-1.849794764,-0.147693291
36,36,BFH,LYLT,11/8/21,Bread Financial Holdings Inc,Loyalty Ventures Inc,1210000000,,https://www.macrotrends.net/stocks/charts/LYLTQ/loyalty-ventures/market-cap,Technology,Information Technology Services,1,Private,"Parent is financial services, but spinoff is information technology, which is noticeable even though it is private. This also makes the industry easy to assign. ",2323727000,,,146564000,654113000,238591000,,-29369000,-55780000,22257300000,2245600000,7594400000,,https://www.sec.gov/ix?doc=/Archives/edgar/data/0001870997/000155837022002348/lylt-20211231x10k.htm,,2021,0.339331651,0.785841228,0.6020976,0.421535022,,18932,-1.849794764,-0.147693291
37,37,BLUE,TSVT,11/5/21,Bluebird Bio Inc,2seventy Bio Inc,604483550,,,Healthcare,Biotechnology,,,,759675000,,310447000,359822000,282215000,16033000,59544000,-68396000,-60974000,1339644000,870527000,181567000,,,,2021,0.378132135,0.093677874,0.408615638,0.172467945,0,18932,-1.849794764,-0.147693291
38,38,IBM,KD,11/4/21,International Business Machines Corp,Kyndryl Holdings Inc,4058020000,,,Technology,Information Technology Services,,,,13213000000,,4284000000,2768000000,4600000,4556000000,,-98000000,-740000000,1.44214E+11,22357000000,58978000000,,,,2021,0.339331651,0.785841228,0.6020976,0.421535022,0.27,18932,-1.849794764,-0.147693291
39,39,DELL,VMW,11/2/21,Dell Technologies Inc,Vmware Inc,53808451840,,,Technology,Software—Infrastructure,,,,28676000000,,1461000000,-876000000,13598000000,3531000000,806000000,783000000,586000000,1.35677E+11,14194000000,47979000000,,,,2021,0.630868444,0.379812599,0.6020976,0.421535022,0.114,18932,-1.849794764,-0.147693291
40,40,BSBR,GET,10/22/21,Banco SAntander (brasil) Sa,Getnet Adquirencia E Servicos Para Meios De Pagamento SA,,,,,,,No data,,,,,,,,,,,9.45582E+11,1.05881E+11,83221506000,,,,2021,,,,,,18932,-1.849794764,-0.147693291
41,41,ZD,CCSI,10/8/21,Ziff Davis Inc,Consensus Cloud Solutions Inc,1151782211,,,Technology,Software—Infrastructure,,,,559591000,,39862000,-333796000,808569000,89004000,2420000,19300000,3616000,3830657000,1369259000,1794908000,,,,2021,0.630868444,0.379812599,0.6020976,0.421535022,0.392,18901,-1.702101473,0.107547837
42,42,ZWS,RRX,10/5/21,Zurn Elkay Water Solutions Corp,Regal Rexnord Corp,11531283460,,,Industrials,Specialty Industrial Machinery,,,,10281600000,1106600000,7558800000,6350100000,1918500000,1216600000,,52400000,-4800000,3689100000,1645700000,1191800000,,,,2021,0.260660376,0.529711181,0.496440092,0.72137165,0.21,18901,-1.702101473,0.107547837
43,43,ITUB,XP,10/4/21,Itau Unibanco Holding SA,Xp Inc,16081430326,,,Financial Services,Capital Markets,,,,1.3934E+11,,598473000,14419629000,1928782000,1701274000,,-513178000,989442000,2.04301E+12,1.58962E+11,3.10186E+11,,,,2021,1.098926187,0.992929947,0.511998974,0.713185784,0.116,18901,-1.702101473,0.107547837
44,44,IP,SLVM,10/1/21,International Paper Co.,Sylvamo Corp,1224371000,,,Basic Materials,Paper & Paper Products,,,,2597000000,342000000,926000000,182000000,1400000000,972000000,,117000000,62000000,29471000000,9623000000,10835000000,,,,2021,1.089075236,1.686811938,0.574952056,0.504063828,0.38,18901,-1.702101473,0.107547837
45,45,PUK,JXN,9/20/21,Prudential PLC,Jackson Financial Inc,2420596334,,,Financial Services,Insurance—Life,,,,3.64373E+11,,,10856100000,2670200000,1476400000,,,206200000,5.25121E+11,16223000000,3.40059E+11,,,,2021,,0.542533081,0.511998974,0.713185784,0.27,18901,-1.702101473,0.107547837
46,46,BBWI,VSCO,8/3/21,Bath & Body Works Inc,Victoria's Secret & Co.,4459323787,,,Consumer Cyclical,Apparel Retail,,,,4369000000,1019000000,2424000000,252000000,2693000000,1441134000,,107914000,75213000,10392000000,-1188000000,8894000000,,,,2021,1.058493499,0.929720478,0.787965823,0.849259347,0.222,18840,-1.796457408,0.093413197
47,47,XPO,GXO,8/2/21,Xpo Logistics Inc,Gxo Logistics Inc,9020600000,,,Industrials,Integrated Freight & Logistics,,,,7133000000,,2641000000,2337000000,2788000000,1974000000,,67000000,72000000,15564000000,2967000000,7899000000,,,,2021,0.395758431,0.902772036,0.496440092,0.72137165,0.25,18840,-1.796457408,0.093413197
48,48,SWI,NABL,7/20/21,Solarwinds Corp,N-able Inc,2218258001,,,Technology,Information Technology Services,,,,1062565000,,75680000,617907000,390800000,88423000,14649000,9772000,1873000,5594015000,2971713000,2048856000,,,,2021,0.339331651,0.785841228,0.6020976,0.421535022,0.27,18840,-1.796457408,0.093413197
49,49,TLSA,ACUT,7/9/21,Tiziana Life Sciences Ltd.,Accustem Sciences Inc,,,Limited public information - no income statements or balance sheets found on YF,Healthcare,Biotechnology,,,,197424000,14962000,19277000,133687000,45204000,4601000,9299000,-29042000,-28511,58030005.26,48842970.63,1150109.337,,,,2021,0.378132135,0.093677874,0.408615638,0.172467945,,18809,-1.889870605,-0.06318335
50,50,DTE,DTM,7/1/21,Dte Energy Co.,Dt Midstream Inc,4472909227,,,Energy,Oil & Gas Midstream,,,,8127000000,,3524000000,3989000000,3089000000,212000000,,106000000,74000000,49636000000,12539000000,23137000000,,,,2021,0.511922321,0.981067447,1.411156671,0.544878592,0.27,18809,-1.889870605,-0.06318335
51,51,CVI,DK,6/11/21,Cvr Energy Inc,Delek Us Holdings Inc,1601223337,,,Energy,Oil & Gas Refining & Marketing,,,,6788400000,1031200000,2530700000,952400000,2411500000,2191500000,,-85400000,-81100000,4188000000,981000000,1703000000,,,,2021,1.200115434,1.0822959,1.411156671,0.544878592,0.388,18779,-1.826687255,0.171613365
52,52,MRK,OGN,6/3/21,Merck & Co Inc,Organon & Co.,7671394160,,,Healthcare,Drug Manufacturers—General,,,,10908000000,871000000,976000000,-1934000000,9348000000,1595000000,76000000,520000000,427000000,90847000000,27039000000,31253000000,,,,2021,0.346773204,0.978150957,0.408615638,0.172467945,0.014,18779,-1.826687255,0.171613365
53,53,IAC,VMEO,5/25/21,Iac Inc,Vimeo Inc,8058736000,,,Technology,Software—Application,,,,612866000,,3232000,379138000,,96046000,27062000,-20312000,-20392000,9736279000,7948861000,705987000,,,,2021,0.557694591,0.322101097,0.6020976,0.421535022,0.27,18779,-1.826687255,0.171613365
54,54,CBD,ASAI,3/8/21,Brazilian Distribution Co Companhia Brasileira De Distr Cbd,Sendas Distributor SA,4695197757,,,Consumer Defensive,Grocery Stores,,,,17616000000,3436000000,7603000000,1590000000,10434000000,10049000000,,582000000,305000000,53295000000,16807000000,17525000000,,,,2021,0.219308933,2.038346315,0.475486653,0.814964673,0.324,18687,-1.561513883,-1.081835103
55,55,FTI,THNPY,2/16/21,Technipfmc PLC,Technip Energies Nv,4007854674,,,Energy,Oil & Gas Equipment & Services,,,,7988100000,,386800000,1367800000,1005600000,6282300000,49500000,507600000,300700000,19692600000,4214300000,4315400000,,,,2021,2.329813724,0.428871003,1.411156671,0.544878592,,18687,-1.561513883,-1.081835103
56,56,VRNT,CGNT,2/2/21,Verint Systems Inc,Cognyte Software Ltd.,1724411566,,,Technology,Software—Infrastructure,,,,593356000,13641000,62847000,285364000,3287000,114734000,33412000,-2606000,-4389000,3261295000,1488033000,869380000,,,,2021,0.630868444,0.379812599,0.6020976,0.421535022,0.23,18659,-0.479678779,-0.064033691
57,57,GORO,FTCO,12/29/20,Gold Resource Corp,Fortitude Gold Corp,110562180,,,Basic Materials,Gold,,,,113025000,23051000,57188000,97968000,7405000,23683000,,9395000,9806000,203463000,175994000,2976000,,,,2020,0.534078762,0.516889429,0.606628016,0.504063828,0.27,18628,-0.415645088,-0.127979386
58,58,AIV,AIRC,12/15/20,Apartment Investment & Management Co.,Apartment Income Reit Corp,5717752392,,,Real Estate,REIT—Residential,,,,6229278000,,63314000,1387542000,4243000000,173746000,,-35571000,-125097000,6153052000,2071169000,3938734000,,,,2020,0.127799347,0.961102368,0.331938797,1.025771966,0.27,18597,-0.287665703,-0.061043548
59,59,PRG,AAN,12/1/20,Prog Holdings Inc,Aaron's Company Inc,640440530,,,Industrials,Rental & Leasing Services,,,,1353457000,697235000,438455000,711325000,279789000,430172000,,51454000,2875000,2884932000,1638682000,604998000,,,,2020,0.390992591,3.018575059,0.493866337,0.72137165,0.023,18597,-0.287665703,-0.061043548
60,60,SNX,CNXC,12/1/20,Td Synnex Corp,Concentrix Corp,6425466701,,,Technology,Information Technology Services,,,,5120849000,,445286000,2389278000,1113218000,1353278000,,134889000,88811000,13468590000,4338860000,1621658000,,,,2020,0.314414337,0.785841228,0.646697974,0.421535022,0.023,18597,-0.287665703,-0.061043548
61,61,PFE,VTRS,11/17/20,Pfizer Inc,Viatris Inc,22617224368,,,Healthcare,Drug Manufacturers—Specialty & Generic,,,,61553000000,5471900000,3783500000,22954100000,26108800000,3623500000,154800000,-809800000,-915800000,1.78983E+11,65495000000,61528000000,,,,2020,0.673866531,0.43455118,0.412248506,0.172467945,0.096,18597,-0.287665703,-0.061043548
62,62,FTV,VNT,10/9/20,Fortive Corp,Vontier Corp,5627803073,,,Technology,Scientific & Technical Instruments,,,,3073000000,233700000,136900000,191700000,1806200000,815000000,32500000,177800000,136800000,17199700000,7688100000,5924100000,,,,2020,0.435002103,0.643501582,0.646697974,0.421535022,0.2,18536,0.17197914,0.09290658
63,63,PDLI,LNSR,10/2/20,Pdl Biopharma Inc,Lensar Inc,77131437,,,Healthcare,Medical Devices,,,,79120000,13473000,4415000,67210000,3314000,8284000,2543000,-6848000,-6828000,,,,https://www.sec.gov/Archives/edgar/data/882104/000088210420000181/pdli-20200930.htm,,,2020,0.415753364,0.228568891,0.412248506,0.172467945,0,18536,0.17197914,0.09290658
64,64,BVH,BBXIA,10/1/20,Bluegreen Vacations Holding Corp,Bbx Capital Inc,109232355,,,Financial Services,Asset Management,,,,447656000,31846000,21291000,309253000,87624000,56239000,,-3158000,-3455000,1239573000,253172000,775503000,,,,2020,0.296405201,0.446983728,0.425798496,0.713185784,0.101,18536,0.17197914,0.09290658
65,65,SPWR,MAXN,8/27/20,Sunpower Corp,Maxeon Solar Technologies Ltd.,568114174,,,Technology,Solar,,,,1100451000,179125000,255502000,485136000,182571000,206620000,9819000,-39154000,-67755000,1938523000,41305000,1015275000,,,,2020,0.771976299,0.942433802,0.646697974,0.421535022,0.17,18506,0.07907256,-0.181310371
66,66,SWBI,AOUT,8/25/20,Smith & Wesson Brands Inc,American Outdoor Brands Inc,211443323,,,Consumer Cyclical,Leisure,,,,335420000,73575000,36356000,268785000,27366000,79098000,1932000,9564000,7339000,658169000,437065000,67508000,,,,2020,1.123746898,0.233185619,0.750913727,0.849259347,0.247,18506,0.07907256,-0.181310371
67,67,OXY,OXY.WS,8/3/20,Occidental Petroleum Corp,Occidental Petroleum Corp,14170000000,True spinoff?,https://www.macrotrends.net/stocks/charts/OXY/occidental-petroleum/market-cap,Energy,Oil & Gas E&P,1,Parent,Industry easy to assign,10694000000,1660000000,68421000000,19860000000,38457000000,3283000000,,,3575000000,89452000000,23346000000,39654000000,,https://www.sec.gov/Archives/edgar/data/797468/000079746820000033/oxy-20200930.htm,,2020,1.729722576,0.41414187,1.493391037,0.544878592,,18475,0.260382931,0.007804564
68,68,BEP,BEPC,7/30/20,Brookfield Renewable Partners Lp,Brookfield Renewable Corp,6699432482,True spinoff?,,Utilities,Utilities—Renewable,,,,34343000000,,31170000000,9716000000,12012000000,724000000,,152000000,-1295000000,33325000000,16174000000,10901000000,,,,2020,0.271917488,0.896855169,0.182947339,1.246500401,0.004,18475,0.260382931,0.007804564
69,69,MTCH,IAC,7/1/20,Match Group Inc,Iac Inc,10221785640,,,Communication Services,Internet Content & Information,,,,8480214000,,265818000,6760081000,729158000,788377000,67870000,-75453000,184917000,2334732000,-1707994000,3527660000,,,,2020,0.801468864,0.118663904,0.5841235,0.915681256,0.27,18444,0.252578368,-0.151233957
70,70,PDLI,EVFM,5/21/20,Pdl Biopharma Inc,Evofem Biosciences Inc,230077849,,,Healthcare,Biotechnology,,,,135056000,1440000,6099000,68539000,49555000,0,2640000,-22372000,-52666000,659803000,553115000,,https://www.sec.gov/Archives/edgar/data/882104/000088210420000071/pdli-2020033110qdoc.htm,,,2020,0.399471715,0.093677874,0.412248506,0.172467945,0,18414,0.403812324,-0.076008607
71,71,MSGS,MSGE,4/20/20,Madison Square Garden Sports Corp,Madison Square Garden Entertainment Corp,1572913518,,,Consumer Cyclical,Leisure,,,,,,,,,881901000,,66566000,-36955000,4309586000,2599277000,632162000,,,,2020,1.123746898,0.233185619,0.750913727,0.849259347,0,18383,0.479820932,-0.017556796
72,72,RTX,CARR,4/3/20,Raytheon Technologies Corp,Carrier Global Corp,19246185588,,,Industrials,Building Products & Equipment,,,,24176000000,1639000000,2494000000,4366000000,12717000000,3972000000,94000000,410000000,261000000,1.39572E+11,42030000000,48445000000,,,,2020,0.261060969,0.821338875,0.493866337,0.72137165,0.282,18353,0.497377728,-0.193986209
73,73,RTX,OTIS,4/3/20,Raytheon Technologies Corp,Otis Worldwide Corp,24624897811,,,Industrials,Specialty Industrial Machinery,,,,10441000000,629000000,1234000000,-3672000000,6670000000,3029000000,37000000,416000000,224000000,1.39572E+11,42030000000,48445000000,,,,2020,0.300140413,0.529711181,0.493866337,0.72137165,0.282,18353,0.497377728,-0.193986209
74,74,HWM,ARNC,4/1/20,Howmet Aerospace Inc,Arconic Corp,680000000,,https://www.macrotrends.net/stocks/delisted/ARNC/arconic/market-cap,Industrials,Aerospace & Defense,1,Not Listed,Industry easy to assign,5733000000,678000000,7282000000,1160000000,1276000000,1187000000,8000000,-67000000,-92000000,18465000000,4797000000,7119000000,,https://www.sec.gov/Archives/edgar/data/1790982/000179098220000151/arnc-20200630.htm,,2020,0.657069392,0.464028931,0.493866337,0.72137165,,18353,0.497377728,-0.193986209
75,75,BIP,BIPC,4/1/20,Brookfield Infrastructure Partners Lp,Brookfield Infrastructure Corp,2039188303,True spinoff?,,Utilities,Utilities—Regulated Gas,,,,8354000000,,4309000000,-517000000,4234000000,322000000,,193000000,-266000000,50904000000,19058000000,20407000000,,,,2020,0.170522269,1.384158036,0.182947339,1.246500401,0.34,18353,0.497377728,-0.193986209
76,76,TT,IR,3/2/20,Trane Technologies PLC,Ingersoll Rand Inc,10330654644,,,Industrials,Specialty Industrial Machinery,,,,15358300000,1088100000,829000000,8755500000,3462800000,799900000,,-66800000,-36800000,20492300000,7312400000,5573400000,,,,2020,0.300140413,0.529711181,0.493866337,0.72137165,0.27,18322,0.691363937,-0.722447114
77,77,EMMS,MDIA,1/7/20,Emmis Communications Corp,Mediaco Holding Inc,30088990,,,Communication Services,Broadcasting,,,,166993000,,56717000,38389000,110823000,11785000,,136000,-1485000,241507000,114597000,73706000,,,,2020,0.4545846,1.074104913,0.5841235,0.915681256,0.29,18262,1.628595281,0.019814143
78,78,DHC,ALR,1/2/20,Diversified Healthcare Trust,Alerislife Inc,120000000,,https://www.macrotrends.net/stocks/delisted/ALR/alerislife/market-cap,Real Estate,,1,Not Listed,"Despite looking like it's part of the healthcare sector, it provides real estate for elder care facilities",148610000,,164274000,200609000,,297445000,,8624000,17209000,6653826000,2877050000,3578366000,,https://www.sec.gov/Archives/edgar/data/1159281/000115928120000033/a3312020-10qxdocument.htm,,2020,,,0.331938797,1.025771966,,18262,1.628595281,0.019814143
79,79,SCTL,BXRX,11/22/19,Societal Cdmo Inc,Baudax Bio Inc,64697434,,,Healthcare,Biotechnology,,,,54213000,,5551000,-16721000,773000,0,1483000,-6686000,-7325000,167716000,-19867000,110299000,,,,2019,0.401136102,0.093677874,0.410452654,0.172467945,0,18231,1.608781138,-0.029809905
80,80,AHT,AINC,10/28/19,Ashford Hospitality Trust Inc,Ashford Inc,51942231,True spinoff?,,Financial Services,Asset Management,,,,782500000,1642000,147889000,46155000,110363000,107575000,,-7914000,-8521000,4769051000,388082000,4153126000,,,,2019,0.336317086,0.446983728,0.395759551,0.713185784,0.35,18201,1.638591043,-0.016927695
81,81,NUAN,CRNC,10/2/19,Nuance Communications Inc,Cerence Inc,823806316,,,Technology,Software—Application,,,,1661927000,,43751000,926215000,270448000,77459000,23511000,5457000,-11762000,5365793000,2173150000,,https://www.sec.gov/Archives/edgar/data/1002517/000100251719000039/nuan0930201910-k.htm,,,2019,0.850920826,0.322101097,0.740822975,0.421535022,0.27,18170,1.655518738,-0.302849404
82,82,ENSG,PNTG,10/1/19,Ensign Group Inc,Pennant Group Inc,921098710,,,Healthcare,Medical Care Facilities,,,,447750000,,330972000,71111000,334855000,89492000,,-1395000,-3799000,2359549000,701806000,1311182000,,,,2019,0.300463742,0.870646588,0.410452654,0.172467945,0.27,18170,1.655518738,-0.302849404
83,83,SATS,DISH,9/11/19,Echostar Corp,Dish Network Corp,16779041466,,,Communication Services,Telecom Services,,,,31771440000,314620000,2910202000,10697233000,14227002000,3168363000,,468892000,353304000,7950091000,4242951000,2691013000,,,,2019,0.264318713,1.028737664,0.564484485,0.915681256,0.236,18140,1.958368142,-0.062092616
84,84,KAR,IAA,6/28/19,Kar Auction Services Inc,Iaa Inc,5170000000,,https://www.macrotrends.net/stocks/delisted/IAA/iaa/market-cap,Consumer Cyclical,Auto & Truck Dealerships,1,Not Listed,Industry easy to assign,419200000,,241400000,-228900000,1266800000,366400000,,,51300000,8324100000,1502500000,3696900000,,https://www.sec.gov/Archives/edgar/data/1745041/000162828019010696/iaa-20190630x10q.htm,,2019,0.19444883,1.497255377,0.54333075,0.849259347,,18078,2.172024415,-0.013695287
85,85,DD,CTVA,6/3/19,Dupont De Nemours Inc,Corteva Inc,22142459550,,,Basic Materials,Agricultural Inputs,,,,43998000000,3918000000,4543000000,26143000000,2175000000,5556000000,269000000,1190000000,-608000000,1.89785E+11,94098000000,41970000000,,,,2019,0.70313294,0.505595117,0.585988953,0.504063828,0.359,18048,2.185719702,-0.228748522
86,86,VFC,KTB,5/23/19,V F Corp,Kontoor Brands Inc,1594928997,,,Consumer Cyclical,Apparel Manufacturing,,,,1588202000,538168000,222143000,82168000,1083049000,609746000,,53520000,37986000,10356785000,4298516000,2786202000,,,,2019,0.892597251,1.462844433,0.54333075,0.849259347,0.198,18048,2.185719702,-0.228748522
87,87,NVS,ALC,4/9/19,Novartis Ag,Alcon Inc,30157000723,,,Healthcare,Medical Instruments & Supplies,,,,27655000000,1505000000,3437000000,19303000000,3804000000,1903000000,167000000,-53000000,-390000000,1.37946E+11,47307000000,30590000000,,,,2019,0.492999652,0.367435964,0.410452654,0.172467945,0.18,17987,2.408730447,0.005274627
88,88,IRWD,CYCN,4/2/19,Ironwood Pharmaceuticals Inc,Cyclerion Therapeutics Inc,313749007,,,Healthcare,Biotechnology,,,,235503000,,83084000,141190000,73263000,1628000,25759000,-33054000,-32254000,363538000,-237179000,498078000,,,,2019,0.401136102,0.093677874,0.410452654,0.172467945,0,17987,2.408730447,0.005274627
89,89,DD,DOW,4/2/19,Dupont De Nemours Inc,Dow Inc,36924519526,,,Basic Materials,Chemicals,,,,64889000000,6841000000,23433000000,18500000000,20196000000,11014000000,208000000,860000000,75000000,1.89785E+11,94098000000,41970000000,,,,2019,1.641058399,0.625708662,0.585988953,0.504063828,0,17987,2.408730447,0.005274627
90,90,CPLP,DSSI,3/28/19,Capital Product Partners Lp,Diamond S Shipping Inc,300000000,,https://www.macrotrends.net/stocks/delisted/DSSI/diamond-s-shipping/market-cap,Industrials,Marine Shipping,1,Not Listed,Industry easy to assign,167511000,32762000,,1211994000,828064000,102656000,,8033000,-820000,1385245000,881314000,291411000,,https://www.sec.gov/Archives/edgar/data/1761940/000114420419026603/tv521606_10q.htm,,2019,1.400112276,0.706917543,0.511882998,0.72137165,,17987,2.408730447,0.005274627
91,91,TFCF,FOX,3/21/19,Twenty-first Century Fox Inc,Fox Corp,22557701353,,,Communication Services,Entertainment,,,,17657000000,1074000000,1286000000,8611000000,6750000000,2752000000,,698000000,529000000,34017000000,33235000000,19208000000,https://www.sec.gov/Archives/edgar/data/1308161/000156459019002155/fox-10q_20181231.htm,,,2019,0.822328943,1.976846217,0.564484485,0.915681256,0.237,17987,2.408730447,0.005274627
92,92,FMC,LTHM,3/4/19,Fmc Corp,Livent Corp,1792880000,,,Basic Materials,Specialty Chemicals,,,,670100000,84400000,312500000,506900000,64300000,98300000,800000,21100000,16900000,9974300000,3210400000,2744000000,,,,2019,0.360360181,0.675287768,0.585988953,0.504063828,0.195,17956,2.40345582,-0.051963143
93,93,GE,WAB,2/26/19,General Electric Co.,Westinghouse Air Brake Technologies Corp,11977020354,,,Industrials,Railroads,,,,19077905000,1947220000,1634966000,9780446000,4641286000,1593617000,34545000,67307000,-4472000,3.091E+11,51500000000,1.1E+11,,,,2019,0.233510639,0.813461815,0.511882998,0.72137165,0.27,17956,2.40345582,-0.051963143
94,94,HSIC,CVET,2/8/19,Henry Schein Inc,Covetrus Inc,3900000000,,https://www.macrotrends.net/stocks/delisted/CVET/covetrus/market-cap,Healthcare,Medical Distribution,1,Private,Industry easy to assign,4269000000,594000000,94000000,2294000000,1167000000,941000000,,-9000000,-14000000,8500527000,3541788000,1964286000,,https://www.sec.gov/Archives/edgar/data/1752836/000175283619000010/cvet_20190331x10q.htm,,2019,0.303590892,0.353204173,0.410452654,0.172467945,,17928,2.455418962,-0.038583989
95,95,NTGR,ARLO,1/2/19,Netgear Inc,Arlo Technologies Inc,307432830,,,Industrials,Building Products & Equipment,,,,480374000,131227000,56021000,232141000,25256000,57880000,18161000,-40973000,-41284000,1043376000,627552000,,,,,2019,0.242358405,0.821338875,0.511882998,0.72137165,0.27,17897,2.494002952,-0.036865883
96,96,SIR,ILPT,12/28/18,Select Income Reit,Industrial Logistics Properties Trust,1280021138,,,Real Estate,REIT—Industrial,,,,1534611000,,75803000,1028273000,480511000,42074000,,22905000,18288000,4721499000,2379640000,,https://www.sec.gov/Archives/edgar/data/1537667/000153766718000035/sir_93018x10qxdocumentxwor.htm,,,2018,0.088855838,0.831814918,0.168084274,1.025771966,0,17897,2.494002952,-0.036865883
97,97,BGCP,NMRK,12/3/18,Bgc Partners Inc,Newmark Group Inc,1429172020,,,Real Estate,Real Estate Services,,,,3454157000,,78805000,1082969000,1510313000,631691000,,62893000,17761000,8732296000,1890159000,2459817000,,,,2018,0.390675464,0.895384136,0.168084274,1.025771966,0.27,17866,2.530868834,0.127861929
98,98,LCTX,AGE,11/29/18,Lineage Cell Therapeutics Inc,Agex Therapeutics Inc,107131700,,,Healthcare,Biotechnology,,,,10671000,,90000,8231000,,313000,1523000,-3358000,-3186000,176077000,169558000,1632000,,,,2018,0.430408539,0.093677874,0.414829977,0.172467945,0,17866,2.530868834,0.127861929
99,99,EQT,ETRN,11/13/18,Eqt Corp,Equitrans Midstream Corp,5090505420,,,Energy,Oil & Gas Midstream,,,,10523835000,,5867647000,5259633000,4666244000,384791000,,239944000,-48223000,28661329000,16217392000,8508097000,,,,2018,0.373517978,0.981067447,1.680451325,0.544878592,0.27,17836,2.403006906,0.103482796
100,100,TRN,ACA,11/1/18,Trinity Industries Inc,Arcosa Inc,1348503000,,,Industrials,Engineering & Construction,,,,2172200000,252500000,803000000,1684500000,185500000,374400000,,26700000,27700000,9405000000,4639400000,3275700000,,,,2018,0.499747485,0.862763215,0.37142677,0.72137165,0.038,17836,2.403006906,0.103482796
101,101,HON,REZI,10/29/18,Honeywell International Inc,Resideo Technologies Inc,2517350216,,,Industrials,Security & Protection Services,,,,4972000000,628000000,300000000,1533000000,1201000000,1266000000,,105000000,16000000,61927000000,18423000000,18251000000,,,,2018,0.463349,0.097700894,0.37142677,0.72137165,0.27,17836,2.403006906,0.103482796
102,102,TMX,FTDR,10/1/18,Terminix Global Holdings Inc,Frontdoor Inc,2249746494,,,Consumer Cyclical,Personal Services,,,,1041000000,,47000000,-343000000,984000000,279000000,,39000000,17000000,878000000,1423000000,2702000000,https://www.sec.gov/Archives/edgar/data/1428875/000142887518000136/serv-20180930x10q.htm,,,2018,0.151947486,2.065229064,0.267495712,0.849259347,0.261,17805,2.29952411,0.134105992
103,103,HON,GTX,10/1/18,Honeywell International Inc,Garrett Motion Inc,519101928,,,Consumer Cyclical,Auto Parts,,,,2104000000,172000000,438000000,-2593000000,1592000000,799000000,,104000000,43000000,61927000000,18423000000,18251000000,,,,2018,0.418987704,0.621811978,0.267495712,0.849259347,0.261,17805,2.29952411,0.134105992
104,104,KLXI,KLXE,9/17/18,Klx Inc,Klx Energy Services Holdings Inc,644247000,True spinoff?,,Energy,Oil & Gas Equipment & Services,,,,641200000,13800000,206300000,328300000,243000000,123200000,600000,-9900000,-9900000,2140700000,2319600000,1185900000,https://www.sec.gov/Archives/edgar/data/1617898/000155837018007257/klxi-20180731x10q.htm,,,2018,2.790461481,0.428871003,1.680451325,0.544878592,0,17805,2.29952411,0.134105992
105,105,MSFJY,AMTB,8/29/18,Mercantil Servicios Financieros Ca,Amerant Bancorp Inc,909101976,,,Financial Services,Banks—Regional,,,,8435802000,,122350000,727675000,1456110000,68583000,,,11551000,,,,,,,2018,,0.817984442,0.414566222,0.713185784,0.227,17775,2.165418118,0.154704039
106,106,SITC,RVIC,7/2/18,Site Centers Corp,Retail Value Inc,600000000,,https://www.macrotrends.net/stocks/delisted/RVIC/retail-value/market-cap,Real Estate,REIT—Retail,1,Not Listed,Industry easy to assign,2133296000,,,683362000,,69655000,,,5953000,6704389000,2692338000,3589749000,,https://www.sec.gov/Archives/edgar/data/1735184/000156459018026847/rvi-10q_20180930.htm,,2018,0.168190734,1.42478274,0.168084274,1.025771966,,17713,1.918671457,0.028648964
107,107,ALV,VNE,7/2/18,Autoliv Inc,Veoneer Inc,3720000000,,https://www.macrotrends.net/stocks/delisted/VNE/veoneer/market-cap,Technology,,,No Data,,,,,,,,,,,6789800000,2007600000,2283600000,,,,2018,,,0.660421265,0.421535022,,17713,1.918671457,0.028648964
108,108,DXC,PRSP,6/1/18,Dxc Technology Co.,Perspecta Inc,4070000000,,https://www.macrotrends.net/stocks/delisted/PRSP/perspecta-inc/market-cap,Technology,Information Technology Services,1,Not Listed,Industry easy to assign,6330000000,,342000000,2202000000,2544000000,160000000,,,29000000,33921000000,13837000000,8010000000,,https://www.sec.gov/Archives/edgar/data/1724670/000172467018000022/perspecta630201810-q.htm,,2018,0.208626492,0.785841228,0.660421265,0.421535022,,17683,1.890022493,0.120852159
109,109,SRC,SMTA,6/1/18,Spirit Realty Capital Inc,Spirit Mta Reit,390000000,True spinoff?,https://www.macrotrends.net/stocks/delisted/SMTA/spirit-mta-reit/market-cap,Real Estate,,,No Data,,,,,,,,,,,7202820000,3168723000,3741020000,,,,2018,,,0.168084274,1.025771966,,17683,1.890022493,0.120852159
110,110,TNL,WH,6/1/18,Travel & Leisure Co.,Wyndham Hotels & Resorts Inc,5853678716,,,Consumer Cyclical,Lodging,,,,4934000000,,331000000,1436000000,2145000000,435000000,,102000000,21000000,11099000000,650000000,6261000000,,,,2018,0.189127669,-2.32811028,0.267495712,0.849259347,0.276,17683,1.890022493,0.120852159
111,111,LQ,CPLG,5/31/18,La Quinta Holdings Inc,Corepoint Lodging Inc,1630000000,,https://www.macrotrends.net/stocks/delisted/CPLG/corepoint-lodging/market-cap,Real Estate,REIT—Hotel & Motel,1,Not Listed,Industry easy to assign,2651000000,,,1513000000,1032000000,233000000,,-2000000,-48000000,2947279000,804543000,1684990000,https://www.sec.gov/Archives/edgar/data/1594617/000156459018011953/lq-10q_20180331.htm,https://www.sec.gov/Archives/edgar/data/1707178/000156459018021742/cplg-10q_20180630.htm,,2018,0.134193688,0.999052326,0.168084274,1.025771966,,17683,1.890022493,0.120852159
112,112,ESEA,EDRY,5/31/18,Euroseas Ltd.,Eurodry Ltd.,18827788,,,Industrials,Marine Shipping,,,,115856388,907645,103362143,59715381,53190375,6115616,,1047202,466587,161682951,79136466,68887162,,,,2018,1.304160912,0.706917543,0.37142677,0.72137165,0.29,17683,1.890022493,0.120852159
113,113,DOV,CHX,5/9/18,Dover Corp,Championx Corp,3228937819,,,Energy,Oil & Gas Equipment & Services,,,,1980266000,215164000,233530000,935528000,707337000,305928000,,37911000,22183000,10543040000,4445622000,3458254000,,,,2018,2.790461481,0.428871003,1.680451325,0.544878592,0.298,17652,1.769170334,0.064054597
114,114,PNR,NVT,5/1/18,Pentair PLC,Nvent Electric PLC,4478224481,,,Industrials,Electrical Equipment & Parts,,,,4576800000,226700000,261100000,2696400000,994000000,542700000,11000000,65300000,43300000,9368100000,4719700000,2673300000,,,,2018,0.585146492,0.332903679,0.37142677,0.72137165,0.149,17652,1.769170334,0.064054597
115,115,FLNT,RDVT,3/27/18,Fluent Inc,Red Violet Inc,62626333,,,Technology,Software—Application,,,,46535000,,974000,40262000,,3325000,,-2084000,-2084000,316999000,224007000,62963000,,,,2018,0.696287405,0.322101097,0.660421265,0.421535022,0,17622,1.705115737,0.058796703
116,116,IDT,RFL,3/27/18,Idt Corp,Rafael Holdings Inc,102844383,,,Real Estate,Real Estate Services,,,,115084000,,50554000,114950000,,1093000,,-731000,-531000,504229000,146360000,,,,,2018,0.390675464,0.895384136,0.168084274,1.025771966,0,17622,1.705115737,0.058796703
117,117,DBRG,BRSP,2/1/18,Digitalbridge Group Inc,Brightspire Capital Inc,2423454784,,,Real Estate,REIT—Diversified,,,,8120905000,,1495096000,3202249000,4749723000,90549000,,17634000,-4714000,24785650000,12349392000,10827810000,,,,2018,0.149581269,1.355563228,0.168084274,1.025771966,0.029,17563,1.546020686,0.146535322
118,118,APTV,DLPH,12/5/17,Aptiv PLC,Delphi Technologies PLC,5010000000,,https://www.macrotrends.net/stocks/delisted/DLPH/delphi-technologies/market-cap,Consumer Cyclical,Auto Parts,1,Not Listed,Industry easy to assign,3793000000,498000000,,232000000,1515000000,1289000000,,106000000,65000000,14166000000,3614000000,4899000000,,https://www.sec.gov/Archives/edgar/data/1707092/000170709218000008/dlph1231201710k.htm,,2017,0.273522797,0.621811978,0.24029006,0.849259347,,17501,1.40846047,0.124879056
119,119,CNX,CEIX,11/29/17,Cnx Resources Corp,Consol Energy Inc,1104996280,,,Energy,Thermal Coal,,,,2707099000,53420000,2122297000,343641000,887771000,327359000,,29112000,-29013000,8979568000,4071235000,2543283000,,,,2017,0.317763576,0.168031555,1.705352991,0.544878592,0.4,17501,1.40846047,0.124879056
120,120,PARA,AUD,11/17/17,Paramount Global,Audacy Inc,20000000,,https://www.macrotrends.net/stocks/charts/AUDA/audacy/market-cap,Communication Services,Broadcasting,1,Listed as AUDA,Industry listed,4539201000,,346507000,1764360000,1872761000,246614000,,-2265000,231829000,23894000000,2994000000,9689000000,,https://www.sec.gov/Archives/edgar/data/1067837/000119312518085958/d548878d10k.htm,,2017,0.26781181,1.074104913,0.433668724,0.915681256,,17501,1.40846047,0.124879056
121,121,FNF,BKI,10/2/17,Fidelity National Financial Inc,Black Knight Inc,6775699528,,,Technology,Software—Application,,,,3655900000,,179900000,1708800000,1434100000,267500000,,73900000,147200000,10501000000,5369000000,890000000,,,,2017,0.782208102,0.322101097,0.606874629,0.421535022,,17440,1.156566976,0.052031386
122,122,NC,HBB,10/2/17,Nacco Industries Inc,Hamilton Beach Brands Holding Co.,351270467,,,Consumer Cyclical,"Furnishings, Fixtures & Appliances",,,,326233000,134744000,19083000,46408000,51346000,265778000,,30979000,13765000,384949000,207063000,58741000,,,,2017,0.249648572,0.960053517,0.24029006,0.849259347,0.4,17440,1.156566976,0.052031386
123,123,HPE,MFGP,9/1/17,Hewlett Packard Enterprise Co.,Micro Focus International PLC,13950000000,"https://companiesmarketcap.com/micro-focus/marketcap/#:~:text=Market%20cap%3A%20%242.22%20Billion,cap%20according%20to%20our%20data.",Private,Technology,,,No Data,,,,,,,,,,,70931000000,29050000000,16596000000,,,,2017,,,0.606874629,0.421535022,,17410,1.10453559,-0.001764611
124,124,MET,BHF,8/7/17,Metlife Inc,Brighthouse Financial Inc,7282204844,,,Financial Services,Insurance—Life,,,,2.23279E+11,,,13831000000,3615000000,1972000000,,,-943000000,9.25199E+11,69669000000,22912000000,,,,2017,,0.542533081,0.424652694,0.713185784,0.4,17379,1.106300201,0.026630596
125,125,VNO,JBGS,7/18/17,Vornado Realty Trust,Jbg Smith Properties,4043651112,,,Real Estate,REIT—Office,,,,6015027000,,,3642812000,2155790000,152350000,,15355000,-69831000,20889290000,8821314000,10837585000,,,,2017,0.184558854,1.207603221,0.184159391,1.025771966,0.013,17379,1.106300201,0.026630596
126,126,GE,BKR,7/5/17,General Electric Co.,Baker Hughes Co.,15674505327,,,Energy,Oil & Gas Equipment & Services,,,,54810000000,5309000000,6255000000,40147000000,4905000000,5375000000,,228000000,-104000000,3.555E+11,75700000000,1.344E+11,,,,2017,2.798921858,0.428871003,1.705352991,0.544878592,0.4,17348,1.079669606,0.023486314
127,127,YHOO,AABA,6/19/17,Yahoo Inc,Altaba Inc,52060000000,,https://www.macrotrends.net/stocks/delisted/AABA/altaba/market-cap,Financial Services,,,No Data,,,,,,,,,,,,,,,,,2017,,,0.424652694,0.713185784,,17348,1.079669606,0.023486314
128,128,CKH,SMHI,6/2/17,Seacor Holdings Inc,Seacor Marine Holdings Inc,359788808,,,Industrials,Marine Shipping,,,,1092255000,3376000,701668000,519024000,315497000,42323000,,-38497000,-33992000,2954978000,1226869000,1097797000,https://www.sec.gov/Archives/edgar/data/859598/000085959817000070/ckh-03312017x10q.htm,,,2017,1.11108402,0.706917543,0.365643681,0.72137165,0.266,17318,1.056183292,0.02717262
129,129,TGNA,CARS,6/1/17,Tegna Inc,Carscom Inc,1906400343,,,Consumer Cyclical,Auto & Truck Dealerships,,,,2559885000,,40596000,1483533000,668905000,156624000,,31228000,24809000,8465011000,2623403000,3966488000,,,,2017,0.092312834,1.497255377,0.24029006,0.849259347,0.369,17318,1.056183292,0.02717262
130,130,ASH,VVV,5/15/17,Ashland Inc,Valvoline Inc,4815160000,,,Energy,Oil & Gas Refining & Marketing,,,,1960000000,181000000,369000000,-203000000,733000000,534000000,,97000000,56000000,9186000000,3143000000,2923000000,,,,2017,0.444333104,1.0822959,1.705352991,0.544878592,0.4,17287,1.029010671,0.182651076
131,131,HPE,DXC,4/3/17,Hewlett Packard Enterprise Co.,Dxc Technology Co.,21838934677,,,Technology,Information Technology Services,,,,31216000000,,3334000000,12345000000,7452000000,5913000000,,354000000,159000000,76662000000,31574000000,15790000000,,,,2017,0.259785902,0.785841228,0.606874629,0.421535022,0.065,17257,0.846359595,0.21034144
132,132,BIIB,BIVV,2/2/17,Biogen Inc,Bioverativ Inc,4860000000,,https://www.macrotrends.net/stocks/delisted/BIVV/bioverativ-inc/market-cap,Healthcare,Drug Manufacturers—General,1,Private,Industry easy to assign,796600000,91400000,23100000,585100000,,259100000,36900000,,69300000,22876800000,12128600000,6512700000,,https://www.sec.gov/Archives/edgar/data/1681689/000155837017004227/bivv-20170331x10q.htm,,2017,0.159603228,0.978150957,0.438159188,0.172467945,,17198,0.391065588,0.011905389
133,133,CTXS,LOGM,2/1/17,Citrix Systems Inc,Logmein Inc,4640000000,,https://www.macrotrends.net/stocks/delisted/LOGM/logmein/market-cap,Communication Services,,1,Private (rebranded as GoTo),Parent and Spinoff both private,403143000,,80216000,3080889000,30000000,187458000,33122000,-34182000,-18564000,6390227000,2608727000,,https://www.sec.gov/Archives/edgar/data/877890/000087789017000030/ctxs12-31x201610xk.htm,https://www.sec.gov/Archives/edgar/data/1420302/000119312517159878/d355140d10q.htm,,2017,,,0.433668724,0.915681256,,17198,0.391065588,0.011905389
134,134,VAR,VREX,1/30/17,Varian Medical Systems Inc,Varex Imaging Corp,1261282344,,,Healthcare,Medical Devices,,,,692800000,212100000,119100000,353800000,202200000,154800000,14400000,23500000,15000000,3684800000,1729000000,607200000,https://www.sec.gov/Archives/edgar/data/203527/000162828017000959/var10qq12017.htm,,,2017,0.480122271,0.228568891,0.438159188,0.172467945,0.33,17198,0.391065588,0.011905389
135,135,PGEN,AQB,1/19/17,Precigen Inc,Aquabounty Technologies Inc,98445899,,,Consumer Defensive,Farm Products,,,,28549094,101046,2199311,24959344,2805088,0,720022,-2049098,-2055743,949068000,569248000,8768000,,,,2017,1.809805029,0.416954399,0.292777044,0.814964673,0,17198,0.391065588,0.011905389
136,136,HLT,HGV,1/4/17,Hilton Worldwide Holdings Inc,Hilton Grand Vacations Inc,2838453068,,,Consumer Cyclical,Resorts & Casinos,,,,2307000000,507000000,254000000,226000000,1183000000,399000000,,83000000,50000000,26211000000,5849000000,10812000000,,,,2017,0.269860722,2.79322651,0.24029006,0.849259347,0.342,17167,0.3791602,-0.042995964
137,137,HLT,PK,1/4/17,Hilton Worldwide Holdings Inc,Park Hotels & Resorts Inc,5513076462,,,Real Estate,REIT—Hotel & Motel,,,,9840000000,,8516000000,5971000000,3012000000,684000000,,94000000,2350000000,26211000000,5849000000,10812000000,,,,2017,0.171219597,0.999052326,0.184159391,1.025771966,0.342,17167,0.3791602,-0.042995964
138,138,XRX,CNDT,1/3/17,Xerox Holdings Corp,Conduent Inc,3417079200,,,Technology,Information Technology Services,,,,7694000000,,276000000,3299000000,2115000000,1553000000,4000000,25000000,-6000000,18145000000,5055000000,6316000000,,,,2017,0.259785902,0.785841228,0.606874629,0.421535022,0.4,17167,0.3791602,-0.042995964
139,139,OSG,INSW,12/1/16,Overseas Shipholding Group Inc,International Seaways Inc,409369713,,,Energy,Oil & Gas Midstream,,,,1662521000,1338000,1100050000,1179512000,439651000,85810000,,1225000,-57757000,2749954000,1414869000,981743000,,,,2016,0.418016924,0.981067447,1.573321409,0.544878592,0.4,17136,0.422156164,-0.007099736
140,140,CAG,LW,11/10/16,Conagra Brands Inc,Lamb Weston Holdings Inc,4889633304,,,Consumer Defensive,Packaged Foods,,,,2400200000,615900000,1134300000,-758600000,2526200000,790700000,,125500000,87200000,12835900000,3799600000,4974100000,,,,2016,0.450029102,0.937844663,0.275603904,0.814964673,0.27,17106,0.4292559,-0.093468729
141,141,HWM,AA,11/1/16,Howmet Aerospace Inc,Alcoa Corp,5134969803,,,Basic Materials,Aluminum,,,,16734000000,1160000000,9325000000,7690000000,1445000000,2537000000,7000000,133000000,-125000000,,,,,,,2016,0.298159064,1.515399237,0.622017778,0.504063828,0.4,17106,0.4292559,-0.093468729
142,142,PEAK,QCP,11/1/16,Healthpeak Properties Inc,Quality Care Properties Inc,1390000000,,https://www.macrotrends.net/stocks/delisted/QCP/quality-care-pr/market-cap,Real Estate,,1,Private,"Despite looking like it's part of the healthcare sector, it provides real estate for healthcare facilities",4789375000,,,3035293000,1713069000,103567000,,,104730000,21188545000,9575434000,10920535000,,https://www.sec.gov/Archives/edgar/data/1677203/000155837017002368/qcp-20161231x10k.htm,,2016,,,0.189920825,1.025771966,,17106,0.4292559,-0.093468729
143,143,YUM,YUMC,11/1/16,Yum Brands Inc,Yum China Holdings Inc,10007667054,,,Consumer Cyclical,Restaurants,,,,3727000000,268000000,1647000000,2443000000,28000000,1978000000,,88000000,88000000,10432000000,-1830000000,9167000000,,,,2016,0.175142955,0.956116934,0.256482446,0.849259347,0.4,17106,0.4292559,-0.093468729
144,144,JCI,ADNT,10/31/16,Johnson Controls International PLC,Adient PLC,5489168066,,,Consumer Cyclical,Auto Parts,,,,11257000000,635000000,2138000000,3429000000,3461000000,4038000000,,133000000,149000000,63179000000,25324000000,12759000000,,,,2016,0.260384131,0.621811978,0.256482446,0.849259347,0.14,17106,0.4292559,-0.093468729
145,145,CUZ,PKY,10/7/16,Cousins Properties Inc,Parkway Inc,1020000000,,https://www.macrotrends.net/stocks/delisted/PKY/parkway-inc/market-cap,Real Estate,,1,Not Listed,,2163895000,,,1151922000,,,,,,2760734000,1665437000,789378000,,https://www.sec.gov/Archives/edgar/data/1677761/000167776117000018/pkyinc-20161231x10k.htm,,2016,,,0.189920825,1.025771966,,17075,0.522724628,0.012436209
146,146,HON,ASIX,10/3/16,Honeywell International Inc,Advansix Inc,674892867,,,Basic Materials,Chemicals,,,,904957000,128978000,575375000,215362000,264838000,259323000,,-39904000,-24714000,53556000000,19374000000,15858000000,,,,2016,0.799115662,0.625708662,0.622017778,0.504063828,0.4,17075,0.522724628,0.012436209
147,147,RRD,DFIN,10/3/16,Rr Donnelley & Sons Co.,Donnelley Financial Solutions Inc,749148000,,,Financial Services,Capital Markets,,,,978900000,24100000,35500000,111100000,587000000,221000000,,8300000,-800000,7472500000,538400000,3890900000,https://www.sec.gov/Archives/edgar/data/29669/000156459016027037/rrd-10q_20160930.htm,,,2016,1.008171436,0.992929947,0.375618483,0.713185784,0.4,17075,0.522724628,0.012436209
148,148,RRD,LKSDQ,10/3/16,Rr Donnelley & Sons Co.,Lsc Communications Inc,780000000,https://www.macrotrends.net/stocks/charts/LKSDQ/lsc-communications/market-cap,,Communication Services,,1,Not Listed,Parent private,,193000000,608000000,240000000,794000000,919000000,,27000000,9000000,1952000000,240000000,794000000,https://www.sec.gov/Archives/edgar/data/29669/000156459016027037/rrd-10q_20160930.htm,https://www.sec.gov/Archives/edgar/data/1669812/000156459017002253/lksd-10k_20161231.htm,,2016,,,0.428813646,0.915681256,,17075,0.522724628,0.012436209
149,149,APD,VSM,10/3/16,Air Products & Chemicals Inc,Versum Materials Inc,3040000000,,https://www.macrotrends.net/stocks/delisted/VSM/versum-materls/market-cap,Basic Materials,Specialty Chemicals,1,Private,Industry easy to assign,493700000,124700000,294700000,-134200000,985200000,270800000,10300000,79100000,52300000,18028600000,7213400000,5210900000,,https://www.sec.gov/Archives/edgar/data/1660690/000166069017000015/vsm10q12312016.htm,,2016,0.207645503,0.675287768,0.622017778,0.504063828,,17075,0.522724628,0.012436209
150,150,EBS,APVO,8/1/16,Emergent Biosolutions Inc,Aptevo Therapeutics Inc,51830636,,,Healthcare,Biotechnology,,,,100623000,11574000,6139000,63750000,18111000,9405000,7114000,-15552000,-71741000,1056466000,672672000,247393000,,,,2016,0.461865999,0.093677874,0.4412131,0.172467945,0,17014,0.44985548,-0.020456324
151,151,LVNTA,CHUBK,7/25/16,Qurate Retail Inc,Commercehub Inc,560000000,,https://www.macrotrends.net/stocks/delisted/CHUBA/commercehub/market-cap,Communication Services,,,No Data,,,,,,,,,,,2714000000,6994000000,5544000000,https://www.sec.gov/Archives/edgar/data/1355096/000155837016007515/lint-20160630x10q.htm,,,2016,,,0.428813646,0.915681256,,17014,0.44985548,-0.020456324
152,152,DHR,FTV,7/5/16,Danaher Corp,Fortive Corp,17596130000,,,Technology,Scientific & Technical Instruments,,,,8133300000,558100000,538300000,2559600000,3509100000,1567400000,95200000,323200000,226900000,51503700000,25120300000,14652200000,,,,2016,0.329717048,0.643501582,0.647625435,0.421535022,0.243,16983,0.470311804,0.052324862
153,153,HTZGQ,HRI,7/1/16,Hertz Global Holdings Inc,Herc Holdings Inc,953710000,,,Industrials,Rental & Leasing Services,,,,3578000000,24500000,2757300000,352400000,2139900000,403600000,,38300000,3000000,22020000000,1609000000,15392000000,https://www.sec.gov/Archives/edgar/data/1657853/000165785316000047/hghq22016form10-q.htm,,,2016,0.276714538,3.018575059,0.37828853,0.72137165,0.4,16983,0.470311804,0.052324862
154,154,BAM,BBU,6/20/16,Brookfield Asset Management Inc,Brookfield Business Partners Lp,830628015,,,Industrials,Conglomerates,,,,8147000000,292000000,2287000000,3533000000,2058000000,2008000000,,3000000,-1000000,,,,,,,2016,0.49974433,0.824878019,0.37828853,0.72137165,0.081,16983,0.470311804,0.052324862
155,155,IDT,ZDGE,6/2/16,Idt Corp,Zedge Inc,38735615,,,Communication Services,Internet Content & Information,,,,12433000,,1843000,10596000,,2452000,,-489000,-779000,504229000,146360000,,,,,2016,1.068299102,0.118663904,0.428813646,0.915681256,0.011,16953,0.417986942,-0.066185548
156,156,WRK,NGVT,5/16/16,Westrock Co.,Ingevity Corp,1433084000,,,Basic Materials,Specialty Chemicals,,,,907600000,156800000,442800000,136600000,566600000,248700000,,47200000,23700000,25268400000,11089200000,6377200000,,,,2016,0.207645503,0.675287768,0.622017778,0.504063828,0.328,16922,0.484172489,0.07634078
157,157,HOT,ILG,5/13/16,Starwood Hotel & Resorts Worldwide Inc,Ilg Inc,1400000000,,https://www.macrotrends.net/stocks/delisted/ILG/ilg-inc/market-cap,Technology,,,No Data,,,,,,,,,,,,,,,,,2016,,,0.647625435,0.421535022,,16922,0.484172489,0.07634078
158,158,CYH,QHCCQ,5/2/16,Community Health Systems Inc,Quorum Health Corp,260000000,https://www.macrotrends.net/stocks/charts/QHCQQ/quorum-health/market-cap,Private,Healthcare,,1,Private,,2102359000,57059000,,293651000,1252930000,598163000,,259255000,243966000,26724000000,4683000000,16914000000,,https://www.sec.gov/Archives/edgar/data/1650445/000156459016023926/qhc-10q_20160630.htm,,2016,,,0.4412131,0.172467945,,16922,0.484172489,0.07634078
159,159,AWI,AFIIQ,4/4/16,Armstrong World Industries Inc,Armstrong Flooring Inc,470310616,,,Industrials,Building Products & Equipment,,,,986100000,243900000,441900000,596300000,100000000,323700000,,11800000,5700000,2625900000,770300000,978200000,,,,2016,0.229096252,0.821338875,0.37828853,0.72137165,0.394,16892,0.407831709,-0.098703078
160,160,ITGR,NVTRQ,3/14/16,Integer Holdings Corp,Nuvectra Corp,80000000,,https://www.macrotrends.net/stocks/charts/NVTRQ/nuvectra/market-cap,Healthcare,Medical Devices,1,Not Listed,Industry easy to assign,137927000,,5163000,117953000,13248000,2062000,3536000,-7083000,-7142000,2982136000,850625000,1714053000,,https://www.sec.gov/Archives/edgar/data/1648893/000143774916031564/nvtr20160401_10q.htm,,2016,0.419224028,0.228568891,0.4412131,0.172467945,,16861,0.506534787,-0.019348801
161,161,MTW,WBT,3/4/16,Manitowoc Co Inc,Welbilt Inc,1890000000,,https://www.macrotrends.net/stocks/delisted/WBT/welbilt/market-cap,Industrials,,1,Not Listed,,1822900000,163600000,116300000,-125700000,1394000000,325500000,,,,3448900000,819500000,1413600000,,https://www.sec.gov/Archives/edgar/data/1650962/000165096216000069/mfs-2016x33110xq.htm,,2016,,,0.37828853,0.72137165,,16861,0.506534787,-0.019348801
162,162,GRA,GCP,2/4/16,W R Grace & Co.,Gcp Applied Technologies Inc,1190000000,,https://www.macrotrends.net/stocks/delisted/GCP/gcp-applied-technologies/market-cap,Basic Materials,Specialty Chemicals,1,Not Listed,Parent private,985600000,110800000,223500000,-182100000,816200000,314100000,5300000,,17400000,3676000000,212500000,,https://www.sec.gov/Archives/edgar/data/1045309/000104530916000163/gra-201510xk.htm,https://www.sec.gov/Archives/edgar/data/1644440/000164444016000195/gcp-20161q10xq.htm,,2016,0.207645503,0.675287768,0.622017778,0.504063828,,16832,0.525883588,0.123940621
163,163,LCTX,OCX,1/4/16,Lineage Cell Therapeutics Inc,Oncocyte Corp,117149320,,,Healthcare,Diagnostics & Research,,,,9647000,,581000,6895000,,0,1689000,-2932000,-2928000,94660000,76447000,5103000,,,,2016,0.332490942,0.384059272,0.4412131,0.172467945,0,16801,0.401942968,0.144599034
164,164,STLA,RACE,1/4/16,Stellantis Nv,Ferrari Nv,7815108315,,,Consumer Cyclical,Auto Manufacturers,,,,4128539000,299686000,620762000,94691000,2442221000,675453000,158194000,123839000,77337000,1.0504E+11,16255000000,27786000000,,,,2016,0.434968119,0.204415037,0.256482446,0.849259347,0,16801,0.401942968,0.144599034
165,165,GAMI,AC,12/1/15,Gamco Investors Inc Et Al,Associated Capital Group Inc,775912192,,,Financial Services,Asset Management,,,,836748000,,,757287000,,8995000,,-5883000,4189000,872669000,565280000,111941000,,,,2015,0.474325537,0.446983728,0.321527138,0.713185784,0.274,16770,0.257343933,0.262343583
166,166,CSC,CSRA,11/30/15,Computer Sciences Corp,Csra Inc,5090000000,,https://www.macrotrends.net/stocks/delisted/CSRA/csra/market-cap,Technology,Information Technology Services,1,Not Listed,Industry easy to assign,4937477000,,501174000,228232000,2951906000,1031572000,,58525000,51432000,10013000000,3046000000,2610000000,https://www.sec.gov/Archives/edgar/data/23082/000002308215000065/csc1022015q210-q.htm,https://www.sec.gov/Archives/edgar/data/1646383/000164638316000211/fy2016q310-q.htm,,2015,0.465773949,0.785841228,0.674725227,0.421535022,,16770,0.257343933,0.262343583
167,167,MTCH,MTCH2,11/19/15,Match Group Inc,Match Group Inc,,True spinoff?,,Communication Services,Internet Content & Information,1,Parent,Industry easy to assign,5209950000,,302817000,2215825000,1788213000,848728000,,-5430000,-31389000,4027318000,1870418000,1000000000,,https://www.sec.gov/Archives/edgar/data/891103/000089110316000023/iac-20151231x10k.htm,,2015,0.925106588,0.118663904,0.453325796,0.915681256,,16770,0.257343933,0.262343583
168,168,DRI,FCPT,11/10/15,Darden Restaurants Inc,Four Corners Property Trust Inc,1032646599,,,Real Estate,REIT—Retail,,,,929437000,198000,828691000,441642000,392302000,19529000,,10460000,5308000,6026500000,2424100000,1452600000,,,,2015,0.151607581,1.42478274,0.161383296,1.025771966,0.357,16740,-0.00499965,0.527405416
169,169,AROC,EXTN,11/4/15,Archrock Inc,Exterran Corp,530000000,,https://www.macrotrends.net/stocks/delisted/EXTN/exterran/market-cap,Energy,Oil & Gas Equipment & Services,1,Not Listed,Industry easy to assign,1842359000,,899402000,909859000,525593000,418063000,,,-12028000,4698918000,1901047000,2075904000,,https://www.sec.gov/Archives/edgar/data/1635881/000163588116000054/extn-20151231x10k.htm,,2015,2.186685932,0.428871003,1.364874206,0.544878592,,16740,-0.00499965,0.527405416
170,170,HPQ,HPE,11/2/15,Hp Inc,Hewlett Packard Enterprise Co.,23938413328,,,Technology,Communication Equipment,,,,77352000000,2345000000,9700000000,31634000000,16139000000,12724000000,585000000,811000000,267000000,1.06882E+11,28151000000,8871000000,,,,2015,1.259779034,0.451962829,0.674725227,0.421535022,0.163,16740,-0.00499965,0.527405416
171,171,NRF,NRE,11/2/15,Northstar Realty Finance Corp,Northstar Realty Europe Corp,710000000,True spinoff?,https://www.macrotrends.net/stocks/delisted/NRE/northstar-realty-europe/market-cap,Real Estate,,1,Not Listed,,2683050000,,,795742000,,,,,-34180000,18622914000,5221182000,,https://www.sec.gov/Archives/edgar/data/1273801/000127380115000056/nrf0930201510-q.htm,https://www.sec.gov/Archives/edgar/data/1646587/000164658716000065/nre1231201510-k.htm,,2015,,,0.161383296,1.025771966,,16740,-0.00499965,0.527405416
172,172,CSWC,CSWI,10/1/15,Capital Southwest Corp,Csw Industrials Inc,587011610,,,Industrials,Specialty Industrial Machinery,,,,408569000,54684000,61942000,255710000,106323000,70918000,1346000,5623000,1998000,285650000,275591000,,,,,2015,0.224138651,0.529711181,0.365078822,0.72137165,0.4,16709,-0.532405066,0.20967353
173,173,MSGN,MSGS,10/1/15,Msg Networks Inc,Madison Square Garden Sports Corp,4022833400,True spinoff?,,Communication Services,Entertainment,,,,3746103000,,1193695000,2788454000,,410838000,,49039000,43488000,863134000,-1246337000,1537070000,https://www.sec.gov/Archives/edgar/data/1469372/000146937215000018/msgnetworks9302015-10q.htm,,,2015,0.543364791,1.976846217,0.453325796,0.915681256,0.4,16709,-0.532405066,0.20967353
174,174,BX,PJT,10/1/15,Blackstone Inc,Pjt Partners Inc,508271040,,,Financial Services,Capital Markets,,,,467252000,,31490000,-110850000,,103822000,,-27538000,-13188000,23618703000,12670271000,6200804000,,,,2015,0.945366474,0.992929947,0.321527138,0.713185784,0.4,16709,-0.532405066,0.20967353
175,175,FNFV,JAX,9/29/15,Fidelity National Financial Inc,J Alexander's Holdings Inc,150000000,,https://www.macrotrends.net/stocks/delisted/JAX/j-alexanders-holdings/market-cap,Consumer Cyclical,,,No Data,,,,,,,,,,,14397000000,6767000000,,https://www.sec.gov/Archives/edgar/data/1331875/000133187515000043/fnf06301510q.htm,,,2015,,,0.261511027,0.849259347,,16709,-0.532405066,0.20967353
176,176,SPXC,FLOW,9/28/15,Spx Technologies Inc,Spx Flow Inc,1420000000,"https://companiesmarketcap.com/spx-flow/marketcap/#:~:text=As%20of%20October%202023%20SPX,cap%20according%20to%20our%20data.",Private,Industrials,Building Products & Equipment,1,Parent,Industry easy to assign,3309400000,305200000,746500000,1270600000,1037300000,589500000,,,-4200000,5889200000,1759100000,1474900000,,https://www.sec.gov/Archives/edgar/data/1641991/000164199116000021/a20151231flow10-k.htm,,2015,0.35675403,0.821338875,0.365078822,0.72137165,,16709,-0.532405066,0.20967353
177,177,VTR,CCP,8/18/15,Ventas Inc,Care Capital Properties Inc,2970000000,,,Real Estate,REIT—Healthcare Facilities,1,Not Listed,"Despite looking like it's part of the healthcare sector, it provides real estate for healthcare facilities",2971271000,,,1234312000,1518437000,82317000,,,36192000,24275162000,11093746000,11507861000,,https://www.sec.gov/Archives/edgar/data/1639947/000163994715000061/ccp-2015930x10q.htm,,2015,0.089900292,1.165869102,0.161383296,1.025771966,,16679,-0.742078595,0.178538831
178,178,VIAV,LITE,8/4/15,Viavi Solutions Inc,Lumentum Holdings Inc,999552432,,,Technology,Communication Equipment,,,,649700000,102900000,141500000,500800000,,212600000,34400000,-1100000,-400000,2216500000,1102900000,561600000,,,,2015,1.259779034,0.451962829,0.674725227,0.421535022,0.2,16648,-0.920617426,0.36760208
179,179,BKS,BNED,8/3/15,Barnes & Noble Inc,Barnes & Noble Education Inc,710907623,,,Consumer Cyclical,Specialty Retail,,,,1475486000,514869000,110949000,729678000,,755864000,,59513000,33401000,2078643000,1155180000,475554000,https://www.sec.gov/Archives/edgar/data/9984/000000998415000061/b10q06302015.htm,,,2015,0.13058252,1.092015299,0.261511027,0.849259347,0.4,16648,-0.920617426,0.36760208
180,180,EBAY,PYPL,7/20/15,Ebay Inc,Paypal Holdings Inc,37899840000,,,Financial Services,Credit Services,,,,27896000000,,1298000000,13214000000,1610000000,2258000000,230000000,330000000,301000000,45658000000,19805000000,7622000000,,,,2015,0.202137361,1.653846154,0.321527138,0.713185784,0.14,16648,-0.920617426,0.36760208
181,181,NI,CPGX,7/2/15,Nisource Inc,Columbia Pipeline Group Inc,0,,https://www.macrotrends.net/stocks/delisted/CPGX/columbia-pipeln/market-cap,Energy,,1,Private,"Parent is Utilities, but Spinoff is Energy",8963600000,,5857900000,3549600000,2991000000,320900000,,135900000,74800000,25606900000,7455900000,9485500000,,https://www.sec.gov/Archives/edgar/data/1629995/000162999515000018/cpgx-2015930x10q.htm,,2015,,,1.364874206,0.544878592,,16617,-1.288219506,0.113808488
182,182,IART,SPNE,7/2/15,Integra Lifesciences Holdings Corp,Seaspine Holdings Corp,210000000,,https://www.macrotrends.net/stocks/delisted/SPNE/seaspine-holdings/market-cap,Healthcare,Medical Devices,1,Not Listed,Industry easy to assign,156264000,53411000,21086000,137359000,,,148000,,-17685000,1637894000,711723000,654136000,,https://www.sec.gov/Archives/edgar/data/1637761/000163776115000009/spne-2015063010xq.htm,,2015,0.423825415,0.228568891,0.442269674,0.172467945,,16617,-1.288219506,0.113808488
183,183,MAS,BLD,7/1/15,Masco Corp,Topbuild Corp,1167004262,,,Industrials,Engineering & Construction,,,,1613310000,103400000,92390000,851980000,197500000,427890000,,30190000,16630000,5869000000,131000000,3425000000,,,,2015,0.574502865,0.862763215,0.365078822,0.72137165,0.4,16617,-1.288219506,0.113808488
184,184,BWXT,BW,7/1/15,Bwx Technologies Inc,Babcock & Wilcox Enterprises Inc,899881348,,,Industrials,Specialty Industrial Machinery,,,,1611674000,96358000,145274000,776563000,3140000,419977000,3977000,11308000,6169000,1337225000,256533000,330000000,,,,2015,0.224138651,0.529711181,0.365078822,0.72137165,0.4,16617,-1.288219506,0.113808488
185,185,BAX,BXLT,7/1/15,Baxter International Inc,Baxalta Inc,21330000000,,https://www.macrotrends.net/stocks/delisted/BXLT/baxalta-inc/market-cap,Healthcare,,1,Private,,12906000000,2184000000,4809000000,3984000000,5279000000,1595000000,286000000,281000000,309000000,30015000000,8021000000,14218000000,,https://www.sec.gov/Archives/edgar/data/1620546/000119312515375898/d80515d10q.htm,,2015,,,0.442269674,0.172467945,,16617,-1.288219506,0.113808488
186,186,GHC,CABO,7/1/15,Graham Holdings Co.,Cable One Inc,2458426135,,,Communication Services,Telecom Services,,,,1401158000,,606221000,430189000,549680000,198215000,,38996000,19412000,6181940000,3189370000,954756000,,,,2015,0.276965972,1.028737664,0.453325796,0.915681256,0.4,16617,-1.288219506,0.113808488
187,187,DD1,CC,7/1/15,Dupont E I De Nemours & Co.,Chemours Co.,1170868103,,,Basic Materials,Specialty Chemicals,,,,6451000000,993000000,3170000000,90000000,3962000000,1486000000,18000000,89000000,-29000000,,,,,,,2015,0.224833442,0.675287768,0.639011226,0.504063828,0.4,16617,-1.288219506,0.113808488
188,188,EPC,ENR,7/1/15,Edgewell Personal Care Co.,Energizer Holdings Inc,2407580643,,,Industrials,Electrical Equipment & Parts,,,,1629600000,275900000,205600000,-60100000,1003200000,399100000,5800000,40200000,23100000,6869200000,2286300000,2535000000,,,,2015,0.532950351,0.332903679,0.365078822,0.72137165,0.4,16617,-1.288219506,0.113808488
189,189,TRS,HZN,7/1/15,Trimas Corp,Horizon Global Corp,250000000,,https://www.macrotrends.net/stocks/delisted/HZN/horizon-global/market-cap,Consumer Cyclical,,1,Not Listed,,346820000,113880000,46310,3450000,203740000,153340000,,,6350000,1335010000,602140000,463950000,,https://www.sec.gov/Archives/edgar/data/1637655/000163765515000072/horizon_093015x10q.htm,,2015,,,0.261511027,0.849259347,,16617,-1.288219506,0.113808488
190,190,TGNA,GCI,6/29/15,Tegna Inc,Gannett Co Inc,801046453,,,Communication Services,Publishing,,,,1185425000,18820000,451793000,612028000,386610000,299480000,,22079000,11195000,10984460000,3548484000,4359402000,,,,2015,0.776782709,0.078093747,0.453325796,0.915681256,0.059,16617,-1.288219506,0.113808488
191,191,PGEN,TCRT,6/9/15,Precigen Inc,Alaunos Therapeutics Inc,1569864408,,,Healthcare,Biotechnology,,,,124038000,,321000,110441000,,272000,7424000,-14225000,-14211000,819987000,653345000,,,,,2015,0.491565864,0.093677874,0.442269674,0.172467945,0,16587,-1.402027994,0.03160912
192,192,CIGI,FSV,6/2/15,Colliers International Group Inc,Firstservice Corp,1006113218,,,Real Estate,Real Estate Services,,,,606367000,11501000,57923000,221779000,222094000,326251000,,24712000,7377000,1522809000,430969000,555697000,,,,2015,0.572779408,0.895384136,0.161383296,1.025771966,0.265,16587,-1.402027994,0.03160912
193,193,WINMQ,UNIT,4/27/15,Windstream Holdings Inc,Uniti Group Inc,2682064400,,,Real Estate,REIT—Specialty,,,,2645640000,,,-969301000,3508685000,,,,,12619100000,95000000,8820600000,https://www.sec.gov/Archives/edgar/data/1585644/000128226615000021/a2015033110q.htm,,,2015,0.291833094,0.815176627,0.161383296,1.025771966,,16556,-1.433637114,0.161316047
194,194,SSP,JMG,4/1/15,Ew Scripps Co.,Journal Media Group Inc,210000000,,https://www.macrotrends.net/stocks/delisted/JMG/journal-media/market-cap,Communication Services,,,No Data,,,,,,,,,,,1032526000,516955000,197500000,,,,2015,,,0.453325796,0.915681256,,16526,-1.594953161,0.213491915
195,195,NXDT,NXRT,4/1/15,Nexpoint Diversified Real Estate Trust,Nexpoint Residential Trust Inc,285976069,,,Real Estate,REIT—Residential,,,,903080176,,803969967,260913732,623520482,28747296,,2211491,-2252621,,,,,,,2015,0.143924991,0.961102368,0.161383296,1.025771966,0,16526,-1.594953161,0.213491915
196,196,ATLS1,ATLS,2/26/15,Atlas Energy Lp,Atlas Energy Group LLC,830000000,True spinoff?,https://www.macrotrends.net/stocks/delisted/ATLS/atlas-energy-group-llc/market-cap,Energy,,,No Data,,,,,,,,,,,,,,,,,2015,,,1.364874206,0.544878592,,16495,-1.808445075,0.165202714
197,197,OA,VSTO,2/10/15,Orbital Atk Inc,Vista Outdoor Inc,2735051366,,,Consumer Cyclical,Leisure,,,,2568188000,374737000,190607000,1645698000,350000000,485389000,2475000,38733000,15907000,,,,,,,2015,0.300686516,0.233185619,0.261511027,0.849259347,0.4,16467,-1.973647789,0.295107219
198,198,IVT,XHR,2/4/15,Inventrust Properties Corp,Xenia Hotels & Resorts Inc,2540370582,,,Real Estate,REIT—Hotel & Motel,,,,3030407000,,,1702139000,1178213000,227874000,,26626000,-14866000,7497317000,3996829000,3190636000,,,,2015,0.150311024,0.999052326,0.161383296,1.025771966,0.4,16467,-1.973647789,0.295107219
199,199,FRPH,PATI,2/2/15,Frp Holdings Inc,Patriot Transportation Holding Inc,81547125,,,Industrials,Trucking,,,,57807000,853000,41169000,34214000,3718000,29737000,,907000,-351000,312410000,209625000,60989000,,,,2015,0.280346055,0.465653812,0.365078822,0.72137165,0.391,16467,-1.973647789,0.295107219
200,200,VNO,UE,1/16/15,Vornado Realty Trust,Urban Edge Properties,2352519188,,,Real Estate,REIT—Retail,,,,1936468000,,,338400000,1253889000,83783000,,3682000,-11463000,2124832000,8827162000,10898859000,,,,2015,0.151607581,1.42478274,0.161383296,1.025771966,0.4,16436,-2.268755008,0.15199292
201,201,BEAV,KLXI,12/17/14,B/e Aerospace Inc,Klx Inc,2100000000,,https://www.macrotrends.net/stocks/delisted/KLXI/klx/market-cap,Industrials,Aerospace & Defense,1,Private,Industry easy to assign,4275900000,1314100000,354300000,2623300000,1200000000,431500000,,47500000,17900000,3199900000,2168500000,10100000,https://www.sec.gov/Archives/edgar/data/861361/000155837015000231/beav-20141231x10k.htm,https://www.sec.gov/Archives/edgar/data/1617898/000155837015000996/klx-20150430x10q.htm,,2014,0.76226542,0.464028931,0.390302901,0.72137165,,16436,-2.268755008,0.15199292
202,202,SMA,SSRG,12/5/14,Symmetry Medical Inc,Symmetry Surgical Inc,70000000,True spinoff?,https://www.macrotrends.net/stocks/delisted/SSRG/symmetry-surgcl/market-cap,Healthcare,Medical Devices,1,Private,"Parent similar, Industry easy to assign",151697000,24141000,2768000,137954000,,81782000,,-56178000,-35775000,511323000,279277000,170000000,https://www.sec.gov/Archives/edgar/data/1292055/000129205514000010/sma-2014927x10q.htm,https://www.sec.gov/Archives/edgar/data/1616101/000161610115000002/ssrg-2014x10k.htm,,2014,0.452216258,0.228568891,0.488183677,0.172467945,,16405,-2.420747928,0.347596391
203,203,OXY,CRCQQ,12/1/14,Occidental Petroleum Corp,California Resources Corp,,,Starts 2020 (bankruptcy 2020?),Energy,Oil & Gas E&P,1,Similar ticker,Industry easy to assign,12497000000,,11685000000,2611000000,6360000000,820000000,,,-2091000000,71510000000,44085000000,8436000000,,https://www.sec.gov/Archives/edgar/data/1609253/000162828015001108/a10kworddocument.htm,,2014,1.37608962,0.41414187,1.15720515,0.544878592,,16405,-2.420747928,0.347596391
204,204,AHT,AINC,11/13/14,Ashford Hospitality Trust Inc,Ashford Inc,51942231,,,Financial Services,Asset Management,,,,49230000,,4188000,15318000,,7972000,,-15236000,-15474000,2863708000,770356000,1959608000,,,,2014,0.31264254,0.446983728,0.238518233,0.713185784,0.35,16375,-2.768344319,0.033365152
205,205,CSH1,ENVA,11/13/14,Cash America International Inc,Enova International Inc,734580000,,,Financial Services,Credit Services,,,,759583000,,33985000,153984000,494181000,194722000,,36181000,22502000,2100345000,1126533000,700043000,https://www.sec.gov/Archives/edgar/data/807884/000080788414000008/a2014q310q.htm,,,2014,0.13823204,1.653846154,0.238518233,0.713185784,0.35,16375,-2.768344319,0.033365152
206,206,DS,SNR,11/7/14,Drive Shack Inc,New Senior Investment Group Inc,1280000000,,https://www.macrotrends.net/stocks/delisted/SNR/new-senior-investment-group/market-cap,Real Estate,,,No Data,,,,,,,,,,,,,,,,,2014,,,0.179744118,1.025771966,,16375,-2.768344319,0.033365152
207,207,FWONA,LBRDA,11/5/14,Liberty Media Corp,Liberty Broadband Corp,4280018575,,,Communication Services,Telecom Services,,,,3003932000,0,3590000,2494769000,372000000,17533000,4593000,-1183000,-46804000,33845000000,22594000000,6074000000,,,,2014,0.250282636,1.028737664,0.478823115,0.915681256,0.296,16375,-2.768344319,0.033365152
208,208,KMB,AVNS,11/3/14,Kimberly Clark Corp,Avanos Medical Inc,2115989691,,,Healthcare,Medical Devices,,,,2527600000,283100000,277800000,1491200000,636200000,439400000,7500000,24000000,-2400000,18876000000,4548000000,6406000000,,,,2014,0.452216258,0.228568891,0.488183677,0.172467945,0.35,16375,-2.768344319,0.033365152
209,209,KBAL,KE,11/3/14,Kimball International Inc,Kimball Electronics Inc,350647440,,,Industrials,Electrical Equipment & Parts,,,,463763000,124500000,98656000,301924000,,207563000,,8697000,6229000,717864000,443976000,275000,https://www.sec.gov/Archives/edgar/data/55772/000005577214000066/kbalb09302014q110q.htm,,,2014,0.531966141,0.332903679,0.390302901,0.72137165,0.35,16375,-2.768344319,0.033365152
210,210,A,KEYS,11/3/14,Agilent Technologies Inc,Keysight Technologies Inc,5621257620,,,Technology,Scientific & Technical Instruments,,,,3015000000,491000000,455000000,918000000,1099000000,701000000,96000000,81000000,70000000,10760000000,5287000000,2762000000,,,,2014,0.430885812,0.643501582,0.68127812,0.421535022,0.35,16375,-2.768344319,0.033365152
211,211,QRTEA,LVNTA,10/15/14,Qurate Retail Inc,Qurate Retail Inc,,True spinoff?,,Consumer Cyclical,Internet Retail,1,Parent,Industry easy to assign,5548000000,1049000000,2030000000,5780000000,8051000000,3252000000,,444000000,,14293000000,6029000000,5435000000,,https://www.sec.gov/Archives/edgar/data/1355096/000155837015000204/lint-20141231x10k.htm,,2014,0.74008568,0.625737106,0.289853825,0.849259347,,16344,-2.801709471,0.00342944
212,212,ADP,CDK,10/1/14,Automatic Data Processing Inc,Cdk Global Inc,4980000000,,https://www.macrotrends.net/stocks/delisted/CDK/cdk-global/market-cap,Technology,,1,Not Listed,,2515400000,,106500000,750800000,996900000,521200000,,83200000,42500000,30203800000,5823000000,1947900000,,https://www.sec.gov/Archives/edgar/data/1609702/000160970215000004/cdk_q2fy1510-q.htm,,2014,,,0.68127812,0.421535022,,16344,-2.801709471,0.00342944
213,213,XLS,VVX,9/29/14,Exelis Inc,V2x Inc,195300000,,,Industrials,Aerospace & Defense,,,,485000000,6000000,9000000,68000000,140000000,301000000,,3000000,2000000,4768000000,1732000000,649000000,https://www.sec.gov/Archives/edgar/data/1524471/000152447114000011/xls-2014630x10q.htm,,,2014,0.76226542,0.464028931,0.390302901,0.72137165,0.354,16344,-2.801709471,0.00342944
214,214,LVNTA,LTRPA,8/28/14,Qurate Retail Inc,Liberty Tripadvisor Holdings Inc,2501285836,,,Communication Services,Internet Content & Information,,,,7459000000,25000000,114000000,5385000000,746000000,375000000,,17000000,-5000000,24722000000,11256000000,7768000000,https://www.sec.gov/Archives/edgar/data/1355096/000135509614000052/linta_10qx33120142.htm,,,2014,1.084512378,0.118663904,0.478823115,0.915681256,0.35,16314,-2.805138911,0.087422719
215,215,LEAF,NAME,8/4/14,Leaf Group Ltd.,Rightside Group Ltd.,280000000,,https://www.macrotrends.net/stocks/delisted/NAME/rightside-group/market-cap,Technology,Software—Infrastructure,1,Not Listed,Industry easy to assign,352393000,,11516000,146051000,24862000,54119000,,,-3404000,748717000,480064000,73750000,https://www.sec.gov/Archives/edgar/data/1365038/000156459014003491/dmd-10q_20140630.htm,https://www.sec.gov/Archives/edgar/data/1589094/000155837015002575/name-20150930x10q.htm,,2014,0.454099495,0.379812599,0.68127812,0.421535022,,16283,-2.89256163,-0.055864239
216,216,NEBLQ,PGNPQ,8/4/14,Noble Corp,Paragon Offshore PLC,,,Yes,Energy,Oil & Gas Drilling,1,Not Listed,Industry easy to assign,2780292000,,2033635000,474897000,1676587000,505222000,,-796421000,-894216000,16989900000,9502833000,6013946000,https://www.sec.gov/Archives/edgar/data/1169055/000119312514302798/d749265d10q.htm,https://www.sec.gov/Archives/edgar/data/1594590/000156459014005619/pgn-10q_20140930.htm,,2014,1.298273124,0.800921893,1.15720515,0.544878592,,16283,-2.89256163,-0.055864239
217,217,GE,SYF,7/31/14,General Electric Co.,Synchrony Financial,20468920659,,,Financial Services,Credit Services,,,,73469000000,,,9941000000,27584000000,2282000000,,,548000000,6.5E+11,1.435E+11,3.741E+11,,,,2014,0.13823204,1.653846154,0.238518233,0.713185784,0.377,16283,-2.89256163,-0.055864239
218,218,TRCO,TPCO,7/24/14,Tribune Media Co.,Tribune Publishing Co.,650000000,True spinoff?,https://www.macrotrends.net/stocks/delisted/TPCO/tribune-publishing-co/market-cap,Communication Services,,1,Parent,,651613000,15334000,160238000,-16931000,347399000,404057000,,,-156000,,,,Not found on EDGAR ,https://www.sec.gov/Archives/edgar/data/1593195/000159319514000082/a2014q310q.htm,,2014,,,0.478823115,0.915681256,,16283,-2.89256163,-0.055864239
219,219,PARA,OUT,7/16/14,Paramount Global,Outfront Media Inc,3592800000,,,Real Estate,REIT—Specialty,,,,3522800000,,704400000,1567000000,1598200000,336500000,,54700000,248300000,26316000000,9274000000,6247000000,,,,2014,0.22453062,0.815176627,0.179744118,1.025771966,0.277,16252,-2.836697391,0.051884149
220,220,CHKAQ,SSEIQ,7/1/14,Chesapeake Energy Corp,Seventy Seven Energy Inc,,,Private,Energy,Oil & Gas E&P,1,Private,Industry easy to assign,2375514000,30457000,1738235000,290594000,1592600000,526773000,,19852000,-1770000,42605000000,18477000000,12969000000,https://www.sec.gov/Archives/edgar/data/895126/000089512614000142/chk-20140331_10xq.htm,https://www.sec.gov/Archives/edgar/data/1532930/000153293014000046/sse-2014093010q.htm,,2014,1.37608962,0.41414187,1.15720515,0.544878592,,16252,-2.836697391,0.051884149
221,221,TKR,TMST,7/1/14,Timken Co.,Timkensteel Corp,2119944000,,,Basic Materials,Steel,,,,1400200000,273100000,757500000,827100000,130200000,434200000,,40100000,25700000,3265200000,1804100000,490800000,,,,2014,1.414124213,0.22605985,0.569454173,0.504063828,0.353,16252,-2.836697391,0.051884149
222,222,NRF,DBRG,6/30/14,Northstar Realty Finance Corp,Digitalbridge Group Inc,2144575953,,,Real Estate,Real Estate Services,,,,3751696000,,124832000,2416891000,1212217000,65973000,,49925000,37649000,6212818000,2334804000,,https://www.sec.gov/Archives/edgar/data/1273801/000127380114000007/nrf0331201410-q.htm,,,2014,0.807700256,0.895384136,0.179744118,1.025771966,0.35,16252,-2.836697391,0.051884149
223,223,RYN,RYAM,6/30/14,Rayonier Inc,Rayonier Advanced Materials Inc,1634341893,,,Basic Materials,Chemicals,,,,1225000000,121705000,857600000,-38800000,948900000,212500000,,6200000,4600000,2636000000,1719800000,770100000,,,,2014,1.395551547,0.625708662,0.569454173,0.504063828,0.35,16252,-2.836697391,0.051884149
224,224,TWX,TIME1,6/9/14,Time Warner Inc,Time Inc,,,Private,Communication Services,,1,Private,,5757000000,62000000,475000000,2758000000,1377000000,82000000,,-21000000,-32000000,,,,Not found on EDGAR ,https://www.sec.gov/Archives/edgar/data/1591517/000159151714000014/timeincq22014.htm,,2014,,,0.478823115,0.915681256,,16222,-2.88858154,0.097061146
225,225,ENSG,CTRE,6/3/14,Ensign Group Inc,Caretrust Reit Inc,440468186,,,Real Estate,REIT—Healthcare Facilities,,,,513352000,,,147658000,359504000,14065000,,194000,-10342000,771478000,371808000,257488000,,,,2014,0.094740721,1.165869102,0.179744118,1.025771966,0.35,16222,-2.88858154,0.097061146
226,226,INVA,TBPH,6/3/14,Innoviva Inc,Theravance Biopharma Inc,1028448800,,,Healthcare,Biotechnology,,,,430588000,14756000,9624000,384759000,,2974000,46283000,-56706000,-58215000,605034000,263252000,287500000,,,,2014,0.592506331,0.093677874,0.488183677,0.172467945,0.35,16222,-2.88858154,0.097061146
227,227,OIS,CVEO,6/2/14,Oil States International Inc,Civeo Corp,2670476900,,,Industrials,Specialty Business Services,,,,2313629000,20614000,1414551000,1317057000,775000000,227133000,,29732000,13949000,4046087000,2572729000,973091000,,,,2014,0.238514261,1.089282231,0.390302901,0.72137165,0.25,16222,-2.88858154,0.097061146
228,228,NOV,DNOW,6/2/14,Nov Inc,Now Inc,3876559244,True spinoff?,https://www.macrotrends.net/stocks/charts/DNOW/now/market-cap,Energy,Oil & Gas Equipment & Services,,,,2473000000,882000000,118000000,1958000000,,952000000,,43000000,27000000,35480000000,22792000000,3149000000,,,,2014,1.769538346,0.428871003,1.15720515,0.544878592,0.25,16222,-2.88858154,0.097061146
229,229,SPG,WPGGQ,5/29/14,Simon Property Group Inc,Washington Prime Group Inc,3200000000,,https://www.macrotrends.net/stocks/charts/WPGGQ/washington-prime-group/market-cap,Real Estate,REIT—Retail,1,Private,Industry easy to assign,3487314000,,,972914000,,158175000,,15354000,84281000,32755599000,6971893000,23186610000,,https://www.sec.gov/Archives/edgar/data/1594686/000104746914006799/a2221034z10-q.htm,,2014,0.177204192,1.42478274,0.179744118,1.025771966,,16222,-2.88858154,0.097061146
230,230,SLM,NAVI,5/1/14,Slm Corp,Navient Corp,7428255108,,,Financial Services,Credit Services,,,,1.42976E+11,,159000000,4021000000,1.36235E+11,937000000,,,307000000,1.56434E+11,5662000000,1.36951E+11,,,,2014,0.13823204,1.653846154,0.238518233,0.713185784,0.384,16191,-2.985642686,-0.093856864
231,231,SHLDQ,LE,4/7/14,Sears Holdings Corp,Lands' End Inc,883597805,,,Consumer Cyclical,Apparel Retail,,,,1227754000,326973000,98656000,345326000,515000000,330483000,,18794000,10868000,18261000000,2183000000,2917000000,https://www.sec.gov/Archives/edgar/data/1310067/000131006714000007/shld201310k.htm,,,2014,0.28446487,0.929720478,0.289853825,0.849259347,0.361,16161,-2.891785821,-0.267398934
232,232,DOV,KN,3/3/14,Dover Corp,Knowles Corp,2684322089,,,Technology,Communication Equipment,,,,2082300000,154200000,350900000,1404300000,400100000,276119000,20916000,22094000,11894000,10543040000,4445622000,3458254000,,,,2014,1.222858916,0.451962829,0.68127812,0.421535022,0.248,16130,-2.624386887,-0.082101877
233,233,DS,NEWM,2/14/14,Drive Shack Inc,New Media Investment Group Inc,,,Became GCI,Communication Services,,,No Data,,,,,,,,,,,,,,,,,2014,,,0.478823115,0.915681256,,16102,-2.54228501,-0.166161732
234,234,SGYPQ,HEPA,2/11/14,Synergy Pharmaceuticals Inc,Hepion Pharmaceuticals Inc,41553968,,,Healthcare,Biotechnology,,,,2643495,,15847,-7342360,,0,72507,-458970,-9311759,72558000,55348000,,https://www.sec.gov/Archives/edgar/data/1347613/000110465914020291/a14-2839_110k.htm,,,2014,0.592506331,0.093677874,0.488183677,0.172467945,0,16102,-2.54228501,-0.166161732
235,235,DGIT,SZMK,2/10/14,Digital Generation Inc,Sizmek Inc,320000000,,https://www.macrotrends.net/stocks/delisted/SZMK/sizmek-inc/market-cap,Communication Services,,1,Private,,404743000,,27006000,367418000,,38379000,3548000,-14821000,-14418000,771700000,301434000,386361000,https://www.sec.gov/Archives/edgar/data/934448/000110465913082904/a13-19513_110q.htm,https://www.sec.gov/Archives/edgar/data/1591877/000110465914037099/a14-9290_110q.htm,,2014,,,0.478823115,0.915681256,,16102,-2.54228501,-0.166161732
236,236,OKE,OGS,2/3/14,Oneok Inc,One Gas Inc,1867391758,,,Utilities,Utilities—Regulated Gas,,,,4382018000,81654000,3112140000,1782732000,1201322000,766178000,,109353000,59076000,17707558000,4845180000,8330093000,,,,2014,0.245053751,1.384158036,0.174184104,1.246500401,0.384,16102,-2.54228501,-0.166161732
237,237,STWD,SFR,2/3/14,Starwood Property Trust Inc,Starwood Waypoint Homes,281462500,,,Real Estate,Real Estate Services,,No Data,,,,,,,,,,,1.10771E+11,4327133000,3436649000,,,,2014,0.807700256,0.895384136,0.179744118,1.025771966,0.384,16102,-2.54228501,-0.166161732
238,238,TT,ALLE,12/2/13,Trane Technologies PLC,Allegion PLC,4243502419,,,Industrials,Security & Protection Services,,,,1979900000,155800000,203000000,-55700000,1343900000,550600000,,89900000,9600000,19002000000,7186600000,3527300000,,,,2013,1.097425716,0.097700894,0.411458914,0.72137165,0.35,16040,-2.133235027,-0.134293917
239,239,AHT,BHR,11/20/13,Ashford Hospitality Trust Inc,Braemar Hotels & Resorts Inc,293549838,,,Real Estate,REIT—Hotel & Motel,,,,961732000,318000,765326000,303127000,622531000,55108000,,5146000,-11389000,3629356000,1050697000,2440450000,,,,2013,0.237306473,0.999052326,0.187069856,1.025771966,0.35,16040,-2.133235027,-0.134293917
240,240,HBIO,BSTG,11/4/13,Harvard Bioscience Inc,Biostage Inc,36774880,,,Healthcare,,,No Data,,,,,,,,,,,148337000,107835000,23500000,,,,2013,,,0.492340697,0.172467945,,16010,-1.99894111,-0.146836336
241,241,PENN,GLPI,11/4/13,Penn Entertainment Inc,Gaming & Leisure Properties Inc,4504786552,,,Real Estate,REIT—Specialty,,,,2609239000,,139121000,142429000,2350000000,113776000,,38663000,9234000,5396738000,2392225000,2400617000,,,,2013,0.110016331,0.815176627,0.187069856,1.025771966,0.35,16010,-1.99894111,-0.146836336
242,242,UNTD,FTDCQ,11/1/13,United Online Inc,Ftd Companies Inc,600000000,https://www.macrotrends.net/stocks/charts/FTDCQ/ftd/market-cap,Private,Consumer Cyclical,,,No Data,,,,,,,,,,,856928000,430287000,220000000,https://www.sec.gov/Archives/edgar/data/1142701/000104746913010139/a2217193z10-q.htm,,,2013,,,0.349012961,0.849259347,,16010,-1.99894111,-0.146836336
243,243,LDOS,SAIC,9/30/13,Leidos Holdings Inc,Science Applications International Corp,1727933427,,,Technology,Information Technology Services,,,,1443000000,94000000,53000000,335000000,502000000,1007000000,,60000000,22000000,5511000000,2345000000,1335000000,,,,2013,0.354537139,0.785841228,0.774741605,0.421535022,0.353,15979,-1.852104774,-0.049756969
244,244,MUR,MUSA,9/3/13,Murphy Oil Corp,Murphy Usa Inc,1887962533,,,Consumer Cyclical,Specialty Retail,,,,1872009000,114894000,1248632000,563468000,642497000,4785740000,,65859000,41729000,18825000000,9134172000,3063637000,,,,2013,0.146593088,1.092015299,0.349012961,0.849259347,0.382,15949,-1.802347805,-0.135943279
245,245,IDT,STRP,8/1/13,Idt Corp,Straight Path Communications Inc,60000000,,https://www.macrotrends.net/stocks/delisted/STRP/straight-path-communications/market-cap,Communication Services,Telecom Services,1,Private,Industry easy to assign,15600000,,,13594000,,127000,,-470000,-417000,504229000,146360000,,,https://www.sec.gov/Archives/edgar/data/1574460/000121390013007218/f10q1013_straightpath.htm,,2013,0.334745427,1.028737664,0.466876737,0.915681256,,15918,-1.666404526,-0.144133194
246,246,ADGE,EUSP,7/23/13,American Dg Energy Inc,Eurosite Power Inc,25536195,,,Utilities,Utilities—Regulated Electric,,,,6559576,534004,3618934,2160608,4000000,168148,,-350932,-388452,35911765000,12388946000,,https://www.sec.gov/Archives/edgar/data/1378706/000137870613000027/adge-2013630x10q.htm,,,2013,0.142294096,1.482531616,0.150522992,1.246500401,0,15918,-1.666404526,-0.144133194
247,247,COV,MNKKQ,7/1/13,Covidien PLC,Mallinckrodt PLC,,,No NYSE,Healthcare,Drug Manufacturers—General,1,Not Listed,Industry easy to assign,3556600000,403100000,997400000,1255600000,919800000,570000000,,-27700000,-29900000,20215000000,9671000000,5076000000,https://www.sec.gov/Archives/edgar/data/1385187/000138518713000043/cov2013062813_10-q.htm,https://www.sec.gov/Archives/edgar/data/1567892/000156789213000029/mnk10-k92713.htm,,2013,0.270106966,0.978150957,0.492340697,0.172467945,,15887,-1.522271332,-0.552751114
248,248,TFCF,NWSA,7/1/13,Twenty-first Century Fox Inc,News Corp,9369962908,,,Communication Services,Entertainment,,,,16343000000,275000000,3012000000,12959000000,,2072000000,,0,27000000,50944000000,20125000000,16458000000,https://www.sec.gov/Archives/edgar/data/1308161/000119312513338522/d578800d10k.htm,,,2013,0.38746304,1.976846217,0.466876737,0.915681256,0.35,15887,-1.522271332,-0.552751114
249,249,DFODQ,WWAV,5/24/13,Dean Foods Co.,Whitewave Foods Co.,321000000,,https://www.macrotrends.net/stocks/delisted/WWAV/whitewave-foods/market-cap,Consumer Cyclical,,1,Private,,2231371000,179308000,633177000,883964000,721600000,600827000,,41954000,31209000,5013134000,969836000,1797518000,https://www.sec.gov/Archives/edgar/data/931336/000119312513211251/d501901d10q.htm,https://www.sec.gov/Archives/edgar/data/1555365/000119312513329159/d540684d10q.htm,,2013,,,0.349012961,0.849259347,,15857,-0.969520218,0.299499866
250,250,DS,RITM,5/16/13,Drive Shack Inc,Rithm Capital Corp,1705392840,,,Real Estate,REIT—Mortgage,,,,2742442000,,,1245725000,1474338000,52814000,,,109222000,,,,,,,2013,,1.848964154,0.187069856,1.025771966,0.35,15826,-1.269020085,0.254655201
251,251,VLO,CST,5/2/13,Valero Energy Corp,Cst Brands Inc,2280000000,,https://www.macrotrends.net/stocks/delisted/CST/cst-brands/market-cap,Consumer Cyclical,,1,Private,,2307000000,163000000,1274000000,551000000,1054000000,3211000000,,81000000,43000000,45501000000,18418000000,6869000000,,https://www.sec.gov/Archives/edgar/data/1562039/000156203913000040/q2-2013cstform10xq.htm,,2013,,,0.349012961,0.849259347,,15826,-1.269020085,0.254655201
252,252,BAM,BPY,4/15/13,Brookfield Asset Management Inc,Brookfield Property Partners Lp,1790000000,,https://www.macrotrends.net/stocks/delisted/BPY/brookfield-property-partners/market-cap,Real Estate,,,No Data,,,,,,,,,,,,,,,,,2013,,,0.187069856,1.025771966,,15796,-1.523675285,-0.083085959
253,253,JEF,CWGL,2/26/13,Jefferies Financial Group Inc,Crimson Wine Group Ltd.,227462822,,,Consumer Defensive,Beverages—Wineries & Distilleries,,,,196341000,42043000,107997000,192018000,,12006000,,965000,967000,9349118000,7009284000,1750400000,,,,2013,0.289288887,0.289290299,0.267591483,0.814964673,0.033,15765,-1.440589326,-0.018110771
254,254,CKH,VTOL,2/1/13,Seacor Holdings Inc,Bristow Group Inc,421925379,,,Energy,Oil & Gas Equipment & Services,,,,2251791000,110086000,1357155000,1029180000,941883000,333176000,,-6826000,-169246000,3700794000,17426750090,956964000,https://www.sec.gov/Archives/edgar/data/859598/000085959813000024/ckh-12312012x10k.htm,,,2013,0.530863233,0.428871003,0.549337714,0.544878592,0.084,15737,-1.422478556,-0.064850083
255,255,PPG,AXLL,1/28/13,Ppg Industries Inc,Axiall Corp,3210000000,,https://www.macrotrends.net/stocks/delisted/AXLL/axiall-corp/market-cap,Basic Materials,Specialty Chemicals,1,Private,Industry easy to assign,5825400000,443600000,1635900000,2493200000,1473300000,1061200000,,71200000,-3500000,15878000000,4322000000,4010000000,,https://www.sec.gov/Archives/edgar/data/805264/000104746913005884/a2215100z10-q.htm,,2013,0.235393152,0.675287768,0.690456884,0.504063828,,15737,-1.422478556,-0.064850083
256,256,KZIA,MEIP,1/28/13,Kazia Therapeutics Ltd.,Mei Pharma Inc,129583247,,,Healthcare,Biotechnology,,,,24947000,,41000,23165000,,0,1543000,-2768000,-2753000,4237707,2912548,926137,,,,2013,0.589445946,0.093677874,0.492340697,0.172467945,0,15737,-1.422478556,-0.064850083
257,257,STRZA,FWONA,1/14/13,Starz,Liberty Media Corp,13450609908,,,Communication Services,Entertainment,,,,32396000000,,1783000000,24751000000,2419000000,789000000,,160000000,8062000000,2176050000,539805000,,https://www.sec.gov/Archives/edgar/data/1559270/000155927013000005/starzllc_10-kx12312012.htm,,,2013,0.38746304,1.976846217,0.466876737,0.915681256,0.35,15706,-1.357628472,0.072272328
258,258,ABT,ABBV,1/2/13,Abbott Laboratories,Abbvie Inc,64554168631,,,Healthcare,Drug Manufacturers—General,,,,27169000000,1037000000,2200000000,2957000000,15037000000,4329000000,634000000,1305000000,968000000,67234944000,26813232000,20475964000,,,,2013,0.270106966,0.978150957,0.492340697,0.172467945,0.219,15706,-1.357628472,0.072272328
259,259,ELN,PRTA,12/21/12,Elan Corp PLC,Prothena Co.rp Public Ltd Co,129587070,,,Healthcare,Biotechnology,,,,129283000,,3393000,126484000,,575000,9833000,-12220000,-12221000,127700000,126000000,,https://www.sec.gov/Archives/edgar/data/737572/000119312512509321/d457188dex991.htm,,Carve-out?,2012,0.623266458,0.093677874,0.531188514,0.172467945,0.125,15706,-1.357628472,0.072272328
260,260,ASPS,AAMC,12/14/12,Altisource Portfolio Solutions SA,Altisource Asset Management Corp,316333755,,,Financial Services,Mortgage Finance,,,,105815000,,,104881000,,1515000,,-1782000,-840000,306251000,232395000,345000,,,,2012,0.133418804,1.796966962,0.36531107,0.713185784,,15675,-1.429900801,-0.007054456
261,261,ASPS,RESI1,12/14/12,Altisource Portfolio Solutions SA,Front Yard Residential Corp,380000000,,https://www.macrotrends.net/stocks/delisted/RESI./front-yard-residential-corp/market-cap,Real Estate,,1,Not Listed,,100011000,,,99911000,,,,,,306251000,232395000,345000,,https://www.sec.gov/Archives/edgar/data/1555039/000155503913000005/resi-20121231x10k.htm,,2012,,,0.273177204,1.025771966,,15675,-1.429900801,-0.007054456
262,262,SHLDQ,SRSCQ,11/16/12,Sears Holdings Corp,Sears Canada Inc,967837789,,,Consumer Cyclical,Department Stores,,,,2479100000,851400000,840000000,1076400000,36100000,1298000000,,19700000,39900000,21802000000,3901000000,4004000000,https://www.sec.gov/Archives/edgar/data/1310067/000144530512003689/shldq32012.htm,,,2012,0.575800941,1.118146241,0.585352983,0.849259347,0.167,15645,-1.422846345,-0.083871204
263,263,CMVT,MESG,11/1/12,Comverse Technology Inc,Xura Inc,,,Private,Technology,,1,Not Listed,,857790000,24800000,37442000,-18763000,0,183587000,,10777000,10777000,2516637000,536655000,596162000,https://www.sec.gov/Archives/edgar/data/803014/000080301412000020/cmvt-7312012x10q.htm,https://www.sec.gov/Archives/edgar/data/1549872/000154987213000008/cnsi-1312013x10k.htm,,2012,,,1.134084546,0.421535022,,15645,-1.422846345,-0.083871204
264,264,MDLZ,KRFT,10/2/12,Mondelez International Inc,Kraft Foods Group Inc,,,Merged with Heinz,Consumer Defensive,Packaged Foods,1,Not Listed,Industry easy to assign,23329000000,1928000000,4204000000,3572000000,10000000000,18339000000,,2670000000,1642000000,97779000000,36678000000,29506000000,,https://www.sec.gov/Archives/edgar/data/1545158/000119312513118824/d463856d10k.htm,,2012,0.450975424,0.937844663,0.282190242,0.814964673,,15614,-1.338975141,0.021489116
265,265,FABU,NTRU,10/2/12,Fab Universal Corp,Natur International Corp,1912017,,,Consumer Defensive,Packaged Foods,,,,1368505,,615,1146484,,1150232,,58054,-718346,158410783,130609125,,https://www.sec.gov/Archives/edgar/data/1074909/000101041212000391/f10qv9clean.htm,,,2012,0.450975424,0.937844663,0.282190242,0.814964673,0.313,15614,-1.338975141,0.021489116
266,266,TYC,ADT1,10/1/12,Tyco International PLC,Adt Corp,8680000000,,https://www.macrotrends.net/stocks/delisted/ADT.3/adt-corp/market-cap,Industrials,Security & Protection Services,1,Not Listed,Industry easy to assign,9528000000,44000000,215000000,5264000000,2527000000,809000000,,186000000,105000000,,,,,https://www.sec.gov/Archives/edgar/data/1546640/000154664013000004/adt10-q112x28x2012.htm,,2012,0.713514944,0.097700894,0.758984433,0.72137165,,15614,-1.338975141,0.021489116
267,267,NC,HY,10/1/12,Nacco Industries Inc,Hyster-yale Materials Handling Inc,816510766,,,Industrials,Farm & Heavy Construction Machinery,,,,1064400000,308600000,146100000,342200000,142200000,652000000,,28800000,32400000,822000000,291100000,207400000,,,,2012,1.034905477,0.6313348,0.758984433,0.72137165,0.35,15614,-1.338975141,0.021489116
268,268,TYC,PNR,10/1/12,Tyco International PLC,Pentair PLC,10131656159,,,Industrials,Specialty Industrial Machinery,,,,11795311000,1380271000,1224488000,6483357000,2457374000,1750932000,32174000,-243388000,-273083000,,,,,,,2012,0.466804295,0.529711181,0.758984433,0.72137165,0.35,15614,-1.338975141,0.021489116
269,269,LLL1,EGL,7/18/12,L3 Technologies Inc,Engility Holdings Inc,290000000,,https://www.macrotrends.net/stocks/delisted/EGL/engility-holdings/market-cap,Technology,,1,Private,,1034249000,,11581000,323839000,335000000,404496000,,-412699000,-419225000,15725000000,6860000000,4126000000,https://www.sec.gov/Archives/edgar/data/1056239/000119312512332469/d367966d10q.htm,https://www.sec.gov/Archives/edgar/data/1544229/000119312512467606/d406499d10q.htm,,2012,,,1.134084546,0.421535022,,15553,-1.258669075,-0.079894948
270,270,MATX,ALEX,7/2/12,Matson Inc,Alexander & Baldwin Inc,1265818687,,,Real Estate,REIT—Retail,,,,1438400000,42000000,988400000,905500000,252100000,92900000,,12600000,13400000,1189500000,247300000,372800000,,,,2012,0.193290819,1.42478274,0.273177204,1.025771966,0.124,15522,-1.178774127,-0.067707192
271,271,HSH,DEMBF,6/29/12,Hillshire Brands Co.,De Master Blenders 1753 Nv,,,,Consumer Cyclical,,,No Data,,,,,,,,,,,,,,,,,2012,,,0.585352983,0.849259347,,15522,-1.178774127,-0.067707192
272,272,SLS,PHIO,5/10/12,Sellas Life Sciences Group Inc,Phio Pharmaceuticals Corp,18273609,,,Healthcare,Biotechnology,,,,8019000,,282000,-2776000,16000,0,6947000,-7663000,-7599000,28208000,-10570000,1060000,,,,2012,0.623266458,0.093677874,0.531188514,0.172467945,0.35,15461,-1.237225286,0.02479438
273,273,TAST,FRGI,5/8/12,Carrols Restaurant Group Inc,Fiesta Restaurant Group Inc,306430905,,,Consumer Cyclical,Restaurants,,,,285961000,2124000,120672000,2559000,203943000,128833000,,12811000,3921000,446259000,58020000,274047000,,,,2012,0.176421075,0.956116934,0.585352983,0.849259347,0.399,15461,-1.237225286,0.02479438
274,274,MWV,ACCO,5/1/12,Meadwestvaco Corp,Acco Brands Corp,1030000000,,,Industrials,Business Equipment & Supplies,,,,2527400000,352400000,269200000,588600000,1260200000,438700000,,26300000,94200000,,,,,,,2012,1.196798382,0.509947815,0.758984433,0.72137165,0.4,15461,-1.237225286,0.02479438
275,275,COP,PSX,5/1/12,Conocophillips,Phillips 66,20784051318,,,Energy,Oil & Gas Refining & Marketing,,,,48575000000,5496000000,15169000000,18979000000,7986000000,47012000000,,1445000000,1181000000,1.62881E+11,67043000000,28360000000,,,,2012,0.982095877,1.0822959,0.834658739,0.544878592,0.35,15461,-1.237225286,0.02479438
276,276,ATLS1,ARPJQ,3/14/12,Atlas Energy Lp,Atlas Resource Partners Lp,,,,Energy,,,No Data,,,,,,,,,,,,,,,,,2012,,,0.834658739,0.544878592,,15400,-1.266089579,0.185597589
277,277,RAH,POST,2/6/12,Ralcorp Holdings Inc,Post Holdings Inc,1132792000,,,Consumer Defensive,Packaged Foods,,,,2752700000,71100000,417400000,1268600000,950000000,250500000,,33200000,10500000,6863600000,2640200000,2189900000,https://www.sec.gov/Archives/edgar/data/1029506/000119312512389504/d349784d10qa.htm,,,2012,0.450975424,0.937844663,0.282190242,0.814964673,0.35,15371,-1.451687169,0.088098793
278,278,SUN1,SXC,1/18/12,Sunoco Inc,Suncoke Energy Inc,996056998,,,Basic Materials,Coking Coal,,,,1918900000,200800000,1384200000,513300000,725700000,481300000,,33900000,16900000,11982000000,1800000000,3544000000,https://www.sec.gov/Archives/edgar/data/95304/000119312512085407/d264773d10k.htm,,,2012,1.830658464,0.101300962,0.880898558,0.504063828,0.242,15371,-1.451687169,0.088098793
279,279,GGP,RSE,1/13/12,Ggp Inc,Rouse Properties Inc,390000000,,https://www.macrotrends.net/stocks/delisted/RSE/rouse-properts/market-cap,Real Estate,,1,Not Listed,,1847718000,,,584567000,1179645000,56408000,,3977000,-26077000,,,,,https://www.sec.gov/Archives/edgar/data/1528558/000110465912037469/a12-9461_110q.htm,,2012,,,0.273177204,1.025771966,,15340,-1.539785962,-0.073347967
280,280,WMB,WPX,1/3/12,Williams Companies Inc,Wpx Energy Inc,3100000000,,https://www.macrotrends.net/stocks/delisted/WPX/wpx-energy/market-cap,Energy,,1,Private,,9842000000,66000000,12829000000,5631000000,1509000000,775000000,,-32000000,-6000000,16502000000,3083000000,8722000000,,https://www.sec.gov/Archives/edgar/data/1518832/000119312512332446/d356943d10q.htm,,2012,,,0.834658739,0.544878592,,15340,-1.539785962,-0.073347967
281,281,SHLDQ,OSHWQ,12/27/11,Sears Holdings Corp,Orchard Supply Hardware Stores Corp,,,Private,Consumer Cyclical,,,No Data,,,,,,,,,,,25521000000,7716000000,4552000000,https://www.sec.gov/Archives/edgar/data/1310067/000119312511314963/d246827d10q.htm,,,2011,,,0.718140061,0.849259347,,15340,-1.539785962,-0.073347967
282,282,EXPE,TRIP,12/21/11,Expedia Group Inc,Tripadvisor Inc,3364572154,,,Consumer Cyclical,Travel Services,,,,835886000,,34754000,293537000,426734000,137798000,16232000,40505000,22021000,7676683000,3038020000,1645414000,,,,2011,0.185122923,-0.356222941,0.718140061,0.849259347,0.344,15340,-1.539785962,-0.073347967
283,283,MAR,VAC,11/22/11,Marriott International Inc,Marriott Vacations Worldwide Corp,580792212,,,Consumer Cyclical,Resorts & Casinos,,,,2846000000,959000000,285000000,1134000000,850000000,484000000,,40000000,8000000,8465000000,430000000,3103000000,,,,2011,2.104293403,2.79322651,0.718140061,0.849259347,0.35,15309,-1.466437995,0.017100626
284,284,NTLS,LMOS,11/1/11,Ntelos Holdings Corp,Lumos Networks Corp,310000000,,https://www.macrotrends.net/stocks/delisted/LMOS/lumos-networks/market-cap,Communication Services,,1,Private,,498600000,,299958000,52827000,326576000,51107000,,-75104000,-61698000,1172331000,187177000,736114000,https://www.sec.gov/Archives/edgar/data/1328571/000119312511302248/d253919d10q.htm,https://www.sec.gov/Archives/edgar/data/1520744/000119312512129584/d283580d10k.htm,,2011,,,0.469330177,0.915681256,,15279,-1.483538621,-0.046290732
285,285,ITT,XLS,11/1/11,Itt Inc,Exelis Inc,2180000000,,https://www.macrotrends.net/stocks/delisted/XLS/exelis-inc/market-cap,Industrials,Information Technology Services,1,Private,Industry easy to assign,5099000000,337000000,494000000,893000000,649000000,5839000000,99000000,535000000,326000000,15088000000,4245000000,3173000000,,https://www.sec.gov/Archives/edgar/data/1524471/000119312512097004/d270994d10k.htm,,2011,0.470318455,0.785841228,0.949305308,0.72137165,,15279,-1.483538621,-0.046290732
286,286,ITT,XYL,11/1/11,Itt Inc,Xylem Inc,4741614321,,,Industrials,Specialty Industrial Machinery,,,,4393000000,426000000,463000000,1827000000,1206000000,1003000000,27000000,32000000,52000000,15088000000,4245000000,3173000000,,,,2011,0.533441373,0.529711181,0.949305308,0.72137165,0.381,15279,-1.483538621,-0.046290732
287,287,IDT,GNE,10/31/11,Idt Corp,Genie Energy Ltd.,188559400,,,Utilities,Utilities—Regulated Electric,,,,144458000,4833000,376000,123047000,,45796000,1522000,3978000,1911000,504229000,146360000,,,,,2011,0.154401766,1.482531616,0.212182119,1.246500401,0.397,15279,-1.483538621,-0.046290732
288,288,BEAM2,FBHS,10/4/11,Beam Inc,Fortune Brands Home & Security Inc,2260000000,,Became FBIN,Technology,,,No Data,,,,,,,,,,,,,,,,,2011,,,1.167446699,0.421535022,,15248,-1.43724789,-0.034789766
289,289,SOGCQ,LPRIQ,10/3/11,Sabine Oil & Gas Corp,Lone Pine Resources Inc,,,Private,Energy,,1,Not Listed,,971065759,,889911439,473507353,,55712000,,,-4683000,3498105000,1174691000,1872088000,https://www.sec.gov/Archives/edgar/data/38079/000003807911000081/fst-09302011x10q.htm,https://www.sec.gov/Archives/edgar/data/1506932/000104746912003164/a2208204z10-k.htm,,2011,,,0.924107812,0.544878592,,15248,-1.43724789,-0.034789766
290,290,CVC,AMCX,7/1/11,Cablevision Systems Corp,Amc Networks Inc,2295024252,,,Communication Services,Entertainment,,,,2121457000,,60565000,-1065497000,2358609000,283914000,,94253000,40003000,8962908000,-6476710000,,https://www.sec.gov/Archives/edgar/data/1053112/000114036111025386/form10q.htm,,,2011,0.954054344,1.976846217,0.469330177,0.915681256,0.358,15156,-1.192269731,-0.070403732
291,291,MRO,MPC,7/1/11,Marathon Oil Corp,Marathon Petroleum Corp,9660420000,,,Energy,Oil & Gas Refining & Marketing,,,,25225000000,3615000000,12026000000,10049000000,3299000000,20638000000,,1744000000,1133000000,30490000000,16707000000,5022000000,,,,2011,2.538709594,1.0822959,0.924107812,0.544878592,0.358,15156,-1.192269731,-0.070403732
292,292,NOC,HII,3/31/11,Northrop Grumman Corp,Huntington Ingalls Industries Inc,2023782401,,,Industrials,Aerospace & Defense,,,,5805000000,372000000,2006000000,1362000000,1880000000,1684000000,,85000000,45000000,26790000000,12677000000,3978000000,,,,2011,0.609223335,0.464028931,0.949305308,0.72137165,0.344,15065,-1.066277564,-0.074817957
293,293,MT,APEMY,1/28/11,Arcelormittal,Aperam,3150831754,,,Basic Materials,Steel,,,,5260752000,1239896250,2109550500,2878355250,948399750,,,,,1.30904E+11,66100000000,26008000000,,,,2011,2.565910897,0.22605985,0.790848099,0.504063828,,15006,-1.091306473,-0.080075997
294,294,MSI,MMI1,1/4/11,Motorola Solutions Inc,Motorola Mobility Holdings Inc,,,Private,Technology,Communication Equipment,1,Private,Industry easy to assign,9429000000,859000000,810000000,4929000000,,3032000000,357000000,36000000,81000000,25577000000,10987000000,2799000000,,https://www.sec.gov/Archives/edgar/data/1495569/000119312511118075/d10q.htm,,2011,2.113842173,0.451962829,1.167446699,0.421535022,,14975,-1.011230476,-0.126411914
295,295,MAXY,CDXS,12/15/10,Maxygen Inc,Codexis Inc,369187400,,,Healthcare,Biotechnology,,,,141300000,2817000,21452000,107361000,0,29811000,13349000,-313000,-494000,177237000,155511000,,https://www.sec.gov/Archives/edgar/data/1068796/000119312510248336/d10q.htm,,,2010,0.635719456,0.093677874,0.585611875,0.172467945,0.35,14944,-0.884818562,0.071195529
296,296,SBRA,SUNH,11/16/10,Sabra Health Care Reit Inc,Sun Healthcare Group Inc,,,Private,Real Estate,REIT—Healthcare Facilities,1,Private,Industry easy to assign,1081758000,,139860000,512443000,155980000,483418000,,,-32376000,758045000,329924000,66149000,https://www.sec.gov/Archives/edgar/data/1492298/000149229811000025/sbra10q093011.htm,https://www.sec.gov/Archives/edgar/data/904978/000090497811000011/form10k.htm,,2010,0.142201363,1.165869102,0.363877468,1.025771966,,14914,-0.956014091,0.039143918
297,297,GGP,HHC,11/10/10,Ggp Inc,Howard Hughes Corp,1390000000,,https://www.macrotrends.net/stocks/charts/HHH/howard-hughes-holdings/market-cap,Real Estate,,,No Data,,,,,,,,,,,,,,,,,2010,,,0.363877468,1.025771966,,14914,-0.956014091,0.039143918
298,298,SRL,KHDHF,9/21/10,Scully Royalty Ltd.,Khd Humboldt Wedag International Ag,96994422,,,Industrials,Industrial Distribution,,,,413332000,8267000,3045000,148555000,,210373000,2927000,-39000,283000,429478287.6,337202373.6,,,,,2010,0.33548393,0.996178463,0.891032637,0.72137165,,14883,-0.995158009,-0.199459197
299,299,GNSS,HEAR,9/13/10,Genasys Inc,Turtle Beach Corp,5969363,,,Technology,Consumer Electronics,,,,644187,206,8091,32482,436728,86959,139193,-347916,-696317,11934403,9729883,,,,,2010,2.43632245,0.557539033,1.263527584,0.421535022,0.35,14853,-0.795698812,-0.097154854
300,300,MDRIQ,BWXT,8/2/10,Mcdermott International Inc,Bwx Technologies Inc,2482328896,,,Industrials,Aerospace & Defense,,,,2389886000,101173000,414320000,696011000,8204000,632765000,,65077000,35887000,4714649000,2031281000,61949000,https://www.sec.gov/Archives/edgar/data/708819/000119312510183350/d10q.htm,,,2010,0.508321747,0.464028931,0.891032637,0.72137165,0.382,14822,-0.698543958,-0.108868766
301,301,VSH,VPG,7/7/10,Vishay Intertechnology Inc,Vishay Precision Group Inc,208112269,,,Technology,Scientific & Technical Instruments,,,,245277000,46170000,45511000,171365000,12363000,51608000,,4786000,2619000,2781102000,1560403000,322549000,,,,2010,0.773976513,0.643501582,1.263527584,0.421535022,0.392,14791,-0.589675191,-0.047586991
302,302,VZ,FTRCQ,7/2/10,Verizon Communications Inc,Frontier Communications Corp,2160000000,,https://www.macrotrends.net/stocks/charts/FTRCQ/frontier-communications/market-cap,Communication Services,,,No Data,,,,,,,,,,,2.26251E+11,84473000000,57468000000,,,,2010,,,0.588566645,0.915681256,,14791,-0.589675191,-0.047586991
303,303,STR1,QEP,7/1/10,Questar Corp,Qep Resources Inc,5140000000,,https://www.macrotrends.net/stocks/delisted/QEP/qep-resources/market-cap,Energy,,1,Not Listed,,18953888000,,24295359000,35276586000,,162548000,,-344173000,-1114577000,,,,,https://www.sec.gov/Archives/edgar/data/1108827/000119312510244395/d10q.htm,,2010,,,0.932373426,0.544878592,,14791,-0.589675191,-0.047586991
304,304,EOXLQ,SOWG,7/1/10,Emerald Oil Inc,Sow Good Inc,5110150,,,Consumer Defensive,Packaged Foods,,No Data,,,,,,,0,,-148807,-8826,43284239000,35276586000,,https://www.sec.gov/Archives/edgar/data/1283843/000110465910043779/a10-13086_110q.htm,,,2010,0.42733843,0.937844663,0.292680702,0.814964673,0,14791,-0.589675191,-0.047586991
305,305,CLGX,FAF,6/2/10,Corelogic Inc,First American Financial Corp,1320393760,,,Financial Services,Insurance—Specialty,,,,5486238000,,,1879615000,308224000,969924000,,,33833000,8542253000,3199732000,,https://www.sec.gov/Archives/edgar/data/36047/000119312510102497/d10q.htm,,,2010,,0.468309861,0.39196598,0.713185784,0.4,14761,-0.542088201,-0.05925637
306,306,PPDI,FURX,6/2/10,Pharmaceutical Product Development Inc,Furiex Pharmaceuticals Inc,,,Private,Healthcare,Biotechnology,1,Private,Industry easy to assign,156624000,,202000,150196000,,8113000,13360000,-8101000,-11146000,1996923000,1341394000,,https://www.sec.gov/Archives/edgar/data/1003124/000119312510104571/d10q.htm,https://www.sec.gov/Archives/edgar/data/1484478/000119312510187261/d10q.htm,,2010,0.635719456,0.093677874,0.585611875,0.172467945,,14761,-0.542088201,-0.05925637
307,307,CVC,MSGN,2/10/10,Cablevision Systems Corp,Msg Networks Inc,1290000000,,https://www.macrotrends.net/stocks/delisted/MSGN/msg-networks/market-cap,Communication Services,,1,Not Listed,,2043503000,,352818000,1096293000,5909,306501000,,-30131000,-17381000,9325725000,5155434000,11376823,https://www.sec.gov/Archives/edgar/data/1053112/000110465910009750/a09-35305_110k.htm,https://www.sec.gov/Archives/edgar/data/1469372/000119312510113007/d10q.htm,,2010,,,0.588566645,0.915681256,,14641,-0.54468785,-0.09698751
308,308,TWX,AOL,12/10/09,Time Warner Inc,Aol Inc,2490000000,,https://www.macrotrends.net/stocks/delisted/AOL/aol-inc/market-cap,Communication Services,,1,Private,,3963100000,,704800000,3062900000,73900000,809700000,,30300000,1400000,,,,,https://www.sec.gov/Archives/edgar/data/1468516/000119312510045310/d10k.htm,,2009,,,0.698156479,0.915681256,,14579,-0.153977592,0.456419206
309,309,OVV,CVE,12/9/09,Ovintiv Inc,Cenovus Energy Inc,19014112232,,,Energy,Oil & Gas Integrated,,,,21519999200,875375600,15221692700,9612378000,6308777500,1930594000,,-154987200,-97479200,52969000000,24959000000,14246000000,,,,2009,0.467008948,0.513314309,0.92696066,0.544878592,0.29,14579,-0.153977592,0.456419206
310,310,ZTNO,MINM,10/16/09,Zoom Technologies Inc,Minim Inc,1000381,,,Technology,Communication Equipment,,,,4456989,1586079,57787,3066596,,2793254,374819,-376103,-375714,96423519,16422170,46273546,,,,2009,2.264103103,0.451962829,1.207235805,0.421535022,0.35,14518,-0.474629614,-0.068583506
311,311,CAH,CFN,9/1/09,Cardinal Health Inc,Carefusion Corp,4390000000,,https://www.macrotrends.net/stocks/delisted/CFN/carefusion-corp/market-cap,Healthcare,,1,Private,,7570000000,486000000,418000000,4635000000,1393000000,923000000,36000000,117000000,81000000,25118800000,8724700000,3647300000,,https://www.sec.gov/Archives/edgar/data/1457543/000119312509234298/d10q.htm,,2009,,,0.568975612,0.172467945,,14488,-0.406046108,-0.123303414
312,312,OCN,ASPS,8/10/09,Ocwen Financial Corp,Altisource Portfolio Solutions SA,347282000,,,Real Estate,Real Estate Services,,,,98365000,,8903000,77312000,934000,54064000,,9546000,8644000,2034285000,694544000,231344000,,,,2009,1.185685826,0.895384136,0.406175272,1.025771966,0.285,14457,-0.282742694,-0.165365117
313,313,MYGN,MYRX,6/15/09,Myriad Genetics Inc,Myrexis Inc,111480081,,,Financial Services,Shell Companies,,,,193677000,,5338000,189101000,,392000,12914000,-14346000,-14346000,620430000,583927000,,,,,2009,,0.015480421,0.397215257,0.713185784,0,14396,0.021533679,-0.185105376
314,314,LHX,AVNW,5/11/09,L3harris Technologies Inc,Aviat Networks Inc,382241539,,,Technology,Communication Equipment,,,,600200000,98600000,57400000,387900000,10700000,135200000,10800000,2600000,-6900000,4332000000,2179300000,846700000,,,,2009,2.264103103,0.451962829,1.207235805,0.421535022,0.35,14365,0.206639054,-0.219989446
315,315,PNX,VRTS,1/2/09,Phoenix Companies Inc,Virtus Investment Partners Inc,37243710,,,Financial Services,Asset Management,,,,125889000,,5961000,30229000,21908000,26251000,,-4034000,-5778000,25768800000,865000000,458000000,https://www.sec.gov/Archives/edgar/data/1129633/000111650209000329/phoenx10k.htm,,,2009,0.840818593,0.446983728,0.397215257,0.713185784,0.35,14245,0.611179098,-0.038551866
316,316,PCH,CLW,12/17/08,Potlatchdeltic Corp,Clearwater Paper Corp,91176972,,,Basic Materials,Paper & Paper Products,,,,683266000,154351000,389867000,180989000,162320000,311340000,,3677000,-81000,1528618000,585938000,435028000,,,,2008,2.733945161,1.686811938,0.865357282,0.504063828,0.35,14245,0.611179098,-0.038551866
317,317,BCO,CFL,11/3/08,Brinks Co.,Brink's Home Security Holdings Inc,,True spinoff?,,Technology,,,No Data,,,,,,,,,,,2560400000,1219000000,162300000,,,,2008,,,1.170401731,0.421535022,,14184,1.41995424,-0.419289191
318,318,DMRC1,DMRC,10/17/08,Digimarc Corp,Digimarc Corp,72940008,True spinoff?,,Technology,Information Technology Services,,,,52441000,,1212000,48401000,,4651000,992000,-578000,-324000,145764000,118665000,,https://www.sec.gov/Archives/edgar/data/1089443/000104746908008648/a2187080z10-q.htm,,,2008,0.488520283,0.785841228,1.170401731,0.421535022,0.35,14184,1.41995424,-0.419289191
319,319,CY,SPWR,9/30/08,Cypress Semiconductor Corp,Sunpower Corp,6084729056,,,Technology,Solar,,,,1927076000,190487000,535945000,997059000,425000000,377500000,6049000,53497000,21379000,3376230000,1634292000,,https://www.sec.gov/Archives/edgar/data/791915/000119312508230103/d10q.htm,,,2008,1.385957441,0.942433802,1.170401731,0.421535022,0.35,14153,1.83924343,-0.072060831
320,320,WBD,ASCMA,9/18/08,Warner Bros Discovery Inc,Ascent Capital Group Inc,,,Private,Communication Services,,1,Private,,,,234818000,737493000,,146146000,,-4412000,,6019378000,4577367000,,,https://www.sec.gov/Archives/edgar/data/1437106/000095013408020295/d65121e10vq.htm,,2008,,,0.792528883,0.915681256,,14153,1.83924343,-0.072060831
321,321,IGTE,MHH,9/17/08,Igate Corp,Mastech Digital Inc,8583985,,,Industrials,Staffing & Employment Services,,,,17248000,,301000,9048000,,24140000,,1227000,1162000,209272000,155891000,,https://www.sec.gov/Archives/edgar/data/1024732/000119312508163617/d10q.htm,,,2008,1.161434367,0.840709566,0.950095319,0.72137165,0.061,14153,1.83924343,-0.072060831
322,322,MET,RGA,9/12/08,Metlife Inc,Reinsurance Group Of America Inc,2955468144,,,Financial Services,Insurance—Reinsurance,,,,21844347000,,,2606867000,1017994000,1310295000,,,25228000,5.55787E+11,32541000000,21388000000,,,,2008,,0.101663373,0.515105707,0.713185784,0.224,14123,1.911304262,-0.214778546
323,323,MTCH,HSNI,8/20/08,Match Group Inc,Hsn Inc,680000000,,https://www.macrotrends.net/stocks/delisted/HSNI/hsn/market-cap,Communication Services,,1,Not Listed,,1152457000,304172000,157832000,258285000,408528000,672348000,,12316000,-2837000,12028299000,8228944000,912972000,,https://www.sec.gov/Archives/edgar/data/1434729/000119312509069499/d10k.htm,,2008,,,0.792528883,0.915681256,,14123,1.911304262,-0.214778546
324,324,MTCH,ILG,8/20/08,Match Group Inc,Ilg Inc,300000000,,https://www.macrotrends.net/stocks/delisted/ILG/ilg-inc/market-cap,Technology,,,No Data,,,,,,,,,,,12028299000,8228944000,912972000,,,,2008,,,1.170401731,0.421535022,,14123,1.911304262,-0.214778546
325,325,MTCH,TKTM,8/20/08,Match Group Inc,Ticketmaster Entertainment Inc,,,Private,Communication Services,Entertainment,1,Private,Industry easy to assign,1706567000,,111291000,166570000,865000000,339201000,,26855000,9615000,12028299000,8228944000,912972000,,https://www.sec.gov/Archives/edgar/data/1006637/000104746909003519/a2192002z10-k.htm,,2008,2.551943949,1.976846217,0.792528883,0.915681256,,14123,1.911304262,-0.214778546
326,326,MTCH,TREE,8/20/08,Match Group Inc,Lendingtree Inc,45102904,,,Financial Services,Financial Conglomerates,,,,279782000,,18121000,141893000,56803000,50258000,1779000,-20061000,-22551000,12028299000,8228944000,912972000,,,,2008,12.36724762,0.393353262,0.515105707,0.713185784,0.003,14123,1.911304262,-0.214778546
327,327,INBP,IBIO,8/19/08,Integrated Biopharma Inc,Ibio Inc,23457500,,,Healthcare,Biotechnology,,,,6817321,,13378,5743920,,333428,250000,-549618,-543304,31357000,6000000,10456000,,,,2008,0.605412476,0.093677874,0.549229834,0.172467945,0.35,14123,1.911304262,-0.214778546
328,328,FTI1,JBT,8/1/08,Fmc Technologies Inc,John Bean Technologies Corp,348649892,,,Industrials,Specialty Industrial Machinery,,,,586000000,141300000,125100000,21400000,140000000,256600000,5000000,18600000,8800000,3899300000,1141600000,315800000,https://www.sec.gov/Archives/edgar/data/1135152/000119312508168380/d10q.htm,,,2008,0.50097292,0.529711181,0.950095319,0.72137165,0.328,14092,2.126082808,0.073773043
329,329,FIS,LPS,7/3/08,Fidelity National Information Services Inc,Lender Processing Services Inc,,,Private,Financial Services,,,No Data,,,,,,,,,,,9778445000,3830807000,4272207000,,,,2008,,,0.515105707,0.713185784,,14061,2.052309765,-0.001702309
330,330,BNT,CPEX1,7/1/08,Bentley Pharmaceuticals Inc,Cpex Pharmaceuticals Inc,,,Acquired by Footstar,Healthcare,Drug Manufacturers—General,1,Not Listed,Industry easy to assign,17776000,,,22174000,0,3945000,2249000,-1049000,-1006000,102901000,124858000,16262000,https://www.sec.gov/Archives/edgar/data/821616/000095013508003618/b69701bne10vq.htm,https://www.sec.gov/Archives/edgar/data/1418919/000095013508007251/b72673cpe10vq.htm,,2008,0.153181363,0.978150957,0.549229834,0.172467945,,14061,2.052309765,-0.001702309
331,331,SSP,SNI,7/1/08,Ew Scripps Co.,Scripps Networks Interactive Inc,,,Private,Communication Services,Broadcasting,1,Private,Industry easy to assign,2006988000,,185569000,1304477000,135000000,374711000,,116399000,57327000,3114034000,2108344000,386236000,,https://www.sec.gov/Archives/edgar/data/1430602/000119312508236950/d10q.htm,,2008,3.210495184,1.074104913,0.792528883,0.915681256,,14061,2.052309765,-0.001702309
332,332,CDSCY,KDP,5/7/08,Cadbury Schweppes Public Ltd Co.,Keurig Dr Pepper Inc,5322326678,,,Consumer Defensive,Beverages—Non-Alcoholic,,,,10007000000,348000000,930000000,3247000000,3863000000,1557000000,,283000000,108000000,,,,,,,2008,0.271538298,0.487570711,0.429122137,0.814964673,0.35,14000,1.95643709,0.144013692
333,333,HRC,HI,4/1/08,Hill-rom Holdings Inc,Hillenbrand Inc,1335360000,,,Industrials,Specialty Industrial Machinery,,,,566400000,50300000,91200000,285000000,110000000,165000000,,38000000,26700000,1636900000,1052900000,138000000,https://www.sec.gov/Archives/edgar/data/47518/000136231008002779/c73375e10vq.htm,,,2008,0.50097292,0.529711181,0.950095319,0.72137165,0.349,13970,1.812423398,-0.062105228
334,334,MO,PM,3/31/08,Altria Group Inc,Philip Morris International Inc,1.06689E+11,,,Consumer Defensive,Tobacco,,,,31532000000,9020000000,6877000000,14778000000,7540000000,6330000000,,2838000000,1867000000,25847000000,4708000000,2005000000,,,,2008,0.584992587,0.053730123,0.429122137,0.814964673,0.31,13970,1.812423398,-0.062105228
335,335,LADX,SLS,3/7/08,Ladrx Corp,Sellas Life Sciences Group Inc,120271202,,,Healthcare,Biotechnology,,,,10580000,,364000,8806000,,,1088000,-2713000,-2646000,64146036,42932407,,,,,2008,0.605412476,0.093677874,0.549229834,0.172467945,0.35,13939,1.874528626,-0.263337284
336,336,BLC,DALN,2/11/08,Belo Corp,Dallasnews Corp,234063768,,,Communication Services,Publishing,,,,622090000,16950000,282704000,481583000,,160187000,,-11879000,-8718000,3179060000,1251708000,1168140000,https://www.sec.gov/Archives/edgar/data/356080/000095013408003819/d53996e10vk.htm,,,2008,0.674132116,0.078093747,0.792528883,0.915681256,0.377,13910,2.13786591,-0.517990193
337,337,DISH,SATS,1/2/08,Dish Network Corp,Echostar Corp,2620000000,,,Technology,Communication Equipment,,,,4264626000,36417000,1494993000,3246004000,386899000,554571000,13666000,13661000,5701000,10086529000,639989000,6125704000,,,,2008,1.72809798,0.451962829,1.170401731,0.421535022,0.35,13879,2.655856103,-1.042798239